2804 4294
432 341 475 384 Du
497 342 606 386 RERUM
629 341 761 386 NATURA

113 469 228 530 suadet
250 465 417 550 etlinducit
439 477 544 529 noctes
565 466 686 546 vigilare
709 486 836 544 serenas,

113 567 313 636 quaerentem
338 557 425 618 dictis
447 555 555 635 quibus
578 568 608 618 et
630 577 690 635 quo
714 555 844 618 carmine
867 557 989 618 demum

115 650 201 708 clara
223 656 293 706 tuae
316 645 427 724 possim
449 648 654 724 praepandere
676 645 790 706 lumina
811 647 913 720 menti,

115 755 167 796 res
192 735 301 814 quibus
323 738 455 796 occultas
477 735 609 836 penitus·
611 734 765 797 convisere
789 734 892 813 possis.

1016 753 1074 814 145

166 828 260 886 Hunc
283 823 372 903 igitur
394 835 537 884 terrorem
561 823 652 884 animi
675 826 873 903 tenebrasque
895 834 1045 923 necessest

117 933 186 974 non
209 913 285 974 radii
307 914 378 974 solis
400 933 500 992 neque
523 907 623 974 lucida
644 916 704 974 tela
724 913 784 975 diei

115 1003 292 1078 discutiant,
316 1005 370 1064 sed
393 1013 516 1064 naturae
539 1002 653 1082 species
674 1002 820 1081 ratioque

159 1211 219 1260 1422
239 1206 350 1248 noctesa.
371 1215 490 1248 serenas:
514 1197 575 1250 Cosi

116 1285 186 1336 pure
204 1269 282 1332 Verg.
300 1269 388 1336 Georg.
402 1271 422 1331 1,
436 1270 489 1332 426
504 1291 516 1316 c
532 1287 574 1320 ne·

116 1357 169 1405 que
188 1341 291 1390 insidiis
316 1342 397 1390 noetis
421 1343 521 1406 capiere
539 1358 574 1391 se·

115 1427 200 1460 renae
213 1429 236 1470 s,
249 1412 296 1461 che
309 1411 443 1476 riproduce
456 1413 482 1461 lo
494 1419 575 1463 stesso

116 1483 241 1548 pensiero
260 1481 306 1532 che
325 1478 339 1530 ὲ
357 1483 385 1532 in
399 1486 464 1534 Aen.
477 1483 508 1544 V,
523 1483 572 1548 831

119 1574 133 1598 c
156 1554 224 1602 coeli
245 1556 316 1603 toties
339 1555 455 1620 deceptus
471 1555 576 1619 fraude

118 1641 207 1673 serem
229 1644 251 1673 ι.

161 1707 221 1758 143.
234 1698 352 1745 demunt:
365 1697 512 1756 comeinL
523 1697 576 1760 468

119 1788 134 1812 ι
157 1768 238 1816 solido
256 1768 366 1816 vincunt
376 1784 405 1816 ea
417 1777 522 1840 corpore
535 1770 576 1818 de·

117 1855 193 1888 mum
210 1855 223 1880 ι
243 1839 262 1888 il
280 1840 365 1904 signif.
387 1837 434 1888 ὲι
438 1825 575 1896 finiscono

119 1913 148 1960 in
168 1910 261 1960 ultimo
281 1927 327 1974 per
351 1912 453 1961 vincere
475 1930 496 1974 ι,
523 1909 576 1962 cosi

119 1981 207 2032 anche
225 1981 269 2047 qui
288 1981 331 2032 nel
349 1983 449 2032 demum
468 1980 510 2032 de
530 1983 576 2032 l'i·

118 2054 171 2103 dea
185 2053 233 2102 che
246 2053 369 2102 Luerezi'o
383 2055 410 2104 in
424 2055 515 2104 ultimo
529 2072 576 2121 po·

119 2122 162 2176 tri
185 2143 196 2168 ι
217 2125 305 2174 vincet
322 2124 348 2173 la
366 2141 453 2191 punga
474 2143 496 2174 ι.

161 2207 220 2257 144.
230 2198 409 2260 praepandere
419 2214 429 2246 .·
448 2195 462 2246 ὲ
482 2198 577 2262 adope-

120 2276 180 2318 rato
192 2267 247 2316 solo
258 2269 302 2332 qui
312 2268 345 2316 da
355 2269 486 2320 Lucrezio.
500 2269 578 2319 L'im·

118 2339 230 2404 megine
251 2333 265 2386 ὲ
290 2337 338 2388 che
362 2340 485 2390 Lucrezio
510 2340 577 2406 porti

117 2409 228 2460 innanzi
257 2409 281 2460 le
312 2409 419 2460 liaecole
445 2408 578 2474 (lumina),

118 2499 169 2548 per
192 2481 338 2531 illuminare
362 2482 381 2532 il
407 2483 537 2532 cammino
563 2499 578 2532 a

119 2552 257 2603 Memmio.
279 2552 330 2603 cn.
350 2553 404 2603 Cic.
424 2554 506 2613 Sulla,
530 2567 577 2615 14:

124 2644 138 2668 ι
153 2641 201 2674 vos
219 2624 325 2686 denique
338 2625 366 2672 in
378 2625 458 2674 tontis
472 2625 580 2674 tenebris

121 2695 224 2744 erroris
252 2701 277 2744 et
300 2695 446 2745 inscientiae
469 2695 579 2744 clarissi-

120 2783 196 2816 mum
215 2765 302 2814 lumen
317 2768 483 2830 praetulistis
501 2767 582 2816 menti

121 2853 195 2886 meae
216 2855 237 2885 ι.

162 2917 223 2972 145.
251 2909 359 2973 quibus:
385 2911 406 2960 si
425 2911 538 2960 riferisce
565 2927 580 2959 a

122 2981 235 3030 lumina.
255 3005 289 3015 -
305 2982 428 3044 penitus:
447 2980 580 3047 &proprio

122 3068 171 3119 per
190 3052 215 3102 le
229 3053 383 3118 espressioni
397 3053 444 3102 che
458 3053 580 3102 indicano

125 3141 139 3166 ε
160 3125 313 3187 carminare,
327 3125 419 3174 vedere
432 3141 447 3174 a
460 3125 540 3174 londo
556 3141 578 3174 ο.

125 3195 179 3246 Cir.
199 3195 241 3244 Dc
262 3195 335 3244 Orat.
359 3209 379 3255 1,
400 3207 432 3259 23
456 3211 521 3244 eres
533 3202 581 3259 pe-

124 3267 198 3314 nitus
215 3273 360 3329 perspectae
378 3282 406 3325 ³3
426 3269 481 3316 Act.
502 3265 526 3329 8,
549 3280 580 3315 12

129 3356 141 3378 ι
154 3338 259 3403 penitus
277 3337 421 3401 intellegere
439 3339 541 3402 aliquid
558 3356 579 3388 ι.

128 3432 163 3442 -
182 3410 329 3458 convisere:
348 3409 391 3474 qni
412 3425 457 3474 per
480 3411 580 3473 perspi·

128 3493 201 3539 cere,·
226 3497 242 3529 o
262 3480 344 3529 anche
369 3497 415 3546 per
444 3499 456 3523 ι
478 3497 580 3546 presen-

129 3551 187 3599 tarti
206 3551 294 3601 chiano
314 3552 365 3600 alla
384 3559 470 3602 mente
492 3569 513 3602 ι.
539 3554 581 3601 ln·

130 3619 185 3671 fatti
203 3623 230 3672 in
249 3625 280 3680 V,
303 3623 354 3686 776
373 3619 387 3671 ὲ
408 3633 581 3688 «presentare

131 3692 217 3745 chiano
236 3694 346 3760 qualche
365 3710 425 3746 cosa
442 3693 494 3760 agli
506 3695 582 3746 occhi

1017 1170 1025 1194 Ι

629 1199 727 1266 proprii
755 1215 784 1248 ιε
816 1205 840 1248 et
868 1205 956 1264 operio
971 1201 975 1208 ”
984 1199 1079 1250 lumine

629 1287 737 1320 rursum
757 1271 843 1320 omnia
859 1273 996 1322 convisunt
1006 1272 1079 1321 clara

629 1343 683 1392 loco
702 1342 811 1391 candido
830 1343 883 1392 laec
898 1361 920 1392 ι.
940 1344 971 1392 In
984 1343 1016 1404 ΙΙ,
1028 1353 1078 1408 357

629 1411 833 1479 &perlustrare
848 1430 873 1463 »ε
895 1433 908 1458 ι
923 1415 1009 1464 omnio
1021 1431 1080 1464 een·

629 1485 713 1534 visens
732 1485 811 1533 oculis
829 1485 891 1546 loca,
909 1486 933 1534 si
950 1491 1079 1550 quea'tus·

630 1571 707 1619 quam
728 1555 902 1618 Conspicere...
921 1575 942 1604 ι.

668 1625 725 1687 146.
746 1633 870 1676 terrorem
885 1629 980 1677 animi:
999 1628 1082 1676 animi

630 1699 755 1816 parrebbe
774 1698 865 1748 inutile
884 1699 1014 1764 aggiunta,
1037 1715 1079 1748 mu

664 1770 730 1820 forse
749 1769 837 1821 voluta
856 1787 870 1820 e
889 1778 1003 1836 pensata,
1023 1786 1080 1820 coe·

630 1848 787 1890 sentemente
806 1841 858 1890 alla
877 1842 988 1892 dottrina
1013 1843 1081 1890 circa

629 1897 726 1962 insede
739 1913 780 1961 dei
794 1913 948 1964 sentimenti.
962 1910 1023 1964 Cosi
1033 1914 1079 1975 ΙΙΙ,

634 1983 665 2032 16
676 2003 688 2027 ι
697 1983 925 2047 diffugiuntonimi
933 1990 1080 2041 terrerer»;

630 2069 645 2103 e
661 2063 709 2118 157
725 2075 737 2099 ι
751 2056 879 2105 concidere
892 2071 923 2104 ex
935 2055 1018 2104 animi
1029 2061 1080 2104 ter-

630 2140 690 2174 rere
707 2125 821 2176 videmus
840 2129 917 2191 Saepe
932 2117 1081 2190 homines»,

630 2197 673 2246 nel
692 2198 767 2263 quale
785 2198 877 2248 ultimo
895 2215 971 2264 passo
991 2195 1005 2247 ὲ
1030 2198 1081 2248 evi·

631 2268 707 2318 dente
726 2269 774 2319 che
792 2271 874 2318 animi
891 2286 944 2320 non
966 2267 981 2318 ὲ
1006 2285 1082 2319 orna-

631 2340 724 2401 nativo,
744 2357 787 2390 rna
799 2356 897 2390 serven
914 2342 1083 2391 determinare

631 2411 656 2459 la
675 2411 735 2460 sede
749 2411 791 2460 del
804 2419 905 2471 terrore,
920 2407 1026 2476 giacchi
1039 2411 1082 2461 dal

631 2482 695 2532 fatto
714 2482 762 2532 che
781 2482 817 2546 gli
836 2484 935 2533 nomini
955 2483 1083 2532 ca'danoa

632 2560 697 2602 terra
716 2569 761 2618 per
783 2561 876 2603 terrore
901 2554 1081 2612 dell'onimus,

631 2624 738 2674 l'autore
757 2632 810 2674 trae
822 2624 848 2674 la
861 2625 1028 2675 conclusione
1041 2624 1083 2673 del

631 2695 734 2746 vineole
753 2695 931 2746 indissolubile
951 2705 988 2747 tra
1007 2695 1085 2744 l'ani·

632 2783 674 2815 ma
684 2783 698 2816 e
710 2767 840 2817 l'animees:
855 2787 865 2810 ι
872 2767 954 2832 facile
964 2766 1084 2831 utquivis

633 2839 692 2887 ltine
713 2854 815 2888 noscere
836 2840 926 2903 possit
944 2841 1008 2889 Esse
1026 2838 1083 2888 oni·

633 2925 701 2958 mam
714 2925 770 2960 cnm
789 2911 874 2960 animo
894 2912 1056 2960 coniunctam
1070 2928 1082 2952 ι

633 2977 693 3044 (ΙΙΙ,
712 2979 812 3044 158-9).

672 3062 729 3115 147.
749 3068 829 3116 neque
847 3054 931 3104 lucida
950 3055 1018 3103 tela:
1035 3053 1084 3103 tela

633 3139 697 3174 sono
716 3124 725 3172 i
744 3125 816 3188 raggi
835 3125 875 3173 del
894 3126 956 3188 sole,
977 3126 1009 3174 ad
1027 3125 1083 3175 imi·

634 3194 733 3244 tazione
751 3196 777 3244 di
794 3197 896 3254 omero,
910 3197 1001 3256 Iliade,
1015 3197 1035 3260 1,
1051 3204 1083 3260 53

633 3261 703 3330 κῆλα
718 3261 805 3317 &coia
818 3267 908 3318 Anche
924 3267 1083 3332 Empedocle

634 3334 676 3401 (fr.
695 3353 718 3386 v.
739 3349 791 3398 240
809 3337 968 3396 Mullach;
994 3338 1023 3388 fr.
1048 3350 1085 3399 40

633 3405 741 3470 Diels)
758 3405 832 3474 ἥλιος
850 3404 985 3475 ὀξυβελής.
999 3434 1032 3444 -·
1046 3409 1084 3458 lu·

634 3480 689 3527 cido
708 3481 758 3528 tela
785 3480 836 3530 diei
858 3478 873 3530 ὲ
897 3497 949 3530 nna
973 3479 1083 3543 iteratio,

633 3552 740 3617 rispetto
759 3568 774 3601 a
792 3553 864 3602 rodii
879 3553 948 3601 solis.

673 3620 731 3683 148.
744 3624 834 3689 species
846 3624 980 3688 ratioque:
994 3623 1013 3673 il
1025 3639 1084 3675 vero

634 3701 733 3760 aspetto
752 3694 821 3745 della
840 3702 930 3746 natura
951 3714 963 3740 e
981 3695 1007 3746 la
1026 3709 1085 3747 vera
