2756 4294
322 306 361 364 74
651 303 682 348 r.
706 302 840 347 nucnurr
864 278 952 346 csao'

320 448 460 509 usurpare
483 427 584 502 oculis,
609 447 666 490 nec
688 447 777 492 voces
798 447 920 490 cernere
945 445 1084 502 suemus;

320 538 397 597 quae
419 529 520 579 tamen
543 517 644 578 omnia
666 537 808 596 corporea
830 528 966 580 constare
989 527 1138 578 necessest

319 619 432 680 natura,
457 607 598 686 quoniam
622 627 724 668 sensus
747 607 900 686 impellere
923 609 1065 686 possunt:

320 707 441 775 tangere
464 697 543 757 enim
567 705 597 756 et
615 695 704 775 tangi,
729 696 784 757 nisi
809 716 925 774 corpus,
950 697 1033 757 nulla
1056 703 1154 774 potest
1176 713 1232 756 res

321 787 452 864 denique
474 785 638 864 fluctifrago
661 805 821 864 suspensae
843 784 876 845 in
897 785 984 847 litore
1006 795 1102 846 vestes

321 885 473 950 uvescunt,
499 877 622 937 eaedem
646 876 788 938 candenti
812 877 874 936 sole
897 886 1057 938 serescunt.

322 1159 415 1212 Statio.
433 1159 446 1208 I
464 1160 535 1224 poeti
559 1159 652 1209 arcsici
677 1159 771 1224 adope-

321 1247 413 1282 rarono
439 1230 520 1280 anche
541 1230 566 1280 le
590 1231 671 1282 forme
695 1231 772 1281 attive

322 1303 348 1352 di
373 1307 490 1352 contuere
514 1301 645 1366 (Pacuvio,
668 1307 734 1366 trag.
756 1312 769 1366 5

322 1370 434 1436 Ribb.).

358 1455 419 1506 301.
438 1451 566 1507 usurpare
583 1443 680 1492 oculis:
702 1463 714 1488 ε
731 1460 772 1496 ve·

323 1515 382 1565 dere
404 1532 425 1564 ι.
446 1515 475 1564 ln
494 1516 513 1574 Ι,
534 1516 568 1565 60
586 1523 716 1578 usurpare
729 1533 773 1581 per

323 1607 335 1631 ι
358 1587 491 1636 nominare
511 1605 542 1649 ›;
573 1587 594 1636 si
618 1589 772 1637 sottintende

323 1659 527 1709 evidentemente
551 1659 567 1708 1¹
577 1658 629 1711 abl.
652 1674 717 1707 voce.
740 1685 773 1693 -

323 1745 441 1782 suemus:
460 1731 504 1795 qui
518 1745 570 1779 non
589 1727 631 1795 gil
644 1731 687 1780 nel
699 1746 773 1779 senso

323 1802 350 1852 di
371 1821 382 1846 s
404 1801 486 1852 siamo
504 1801 573 1851 soliti
596 1819 623 1864 ις
643 1802 686 1866 qui
700 1801 772 1866 quasi

323 1889 370 1940 per
389 1874 458 1922 dire:
481 1893 492 1917 ι
514 1889 567 1923 non
590 1873 611 1922 si
631 1871 664 1922 da
684 1873 736 1922 mai
755 1871 773 1921 il

325 1961 384 1995 caso
403 1945 502 1997 che...
525 1963 547 1993 ι.
573 1944 628 1996 Che
647 1943 689 1994 del
707 1951 774 1994 resto

324 2031 397 2066 suere
421 2017 453 2066 ed
478 2017 497 2065 il
524 2015 661 2082 participio
688 2021 774 2064 suetus

325 2086 458 2136 indichino
472 2087 490 2135 il
504 2088 567 2136 fatto
581 2093 701 2146 contante,
721 2101 774 2136 non

325 2157 345 2207 il
358 2163 486 2215 consueto,
499 2171 612 2223 provano
626 2156 682 2205 altri
694 2173 774 2206 esem·

325 2229 363 2294 pii
378 2227 529 2279 lucreziani:
549 2227 595 2287 VI,
608 2238 659 2292 953
676 2245 688 2269 ι
708 2228 775 2290 ignis

325 2300 371 2363 qui
382 2296 459 2360 ferri
468 2313 566 2372 quoque
577 2300 629 2348 vine
637 2305 775 2364 penetrare

325 2371 410 2420 suevit
430 2388 442 2412 ι
469 2391 504 2412 =
530 2391 541 2414 ι
568 2368 627 2436 pud,
648 2368 663 2420 ὲ
687 2371 773 2422 valido

299 2451 301 2456 '
327 2458 367 2492 a...
389 2455 421 2498 »ς
445 2441 479 2501 11,
498 2439 550 2503 448
571 2461 583 2486 ι
604 2438 691 2508 [saxa]
710 2443 775 2491 ictus

326 2519 483 2562 contemnere
501 2518 571 2561 sueta
592 2531 602 2555 ι
626 2532 638 2558 r
659 2513 707 2563 che
727 2529 775 2563 son

326 2585 406 2635 validi
424 2600 439 2633 a
458 2585 586 2649 spregiare
604 2585 613 2632 i
632 2583 708 2648 colpi,
728 2585 776 2634 che

326 2671 438 2722 possouo
448 2655 561 2706 resistere
573 2672 595 2702 ι.
606 2655 710 2716 Altrove
720 2655 777 2704 sale

326 2727 431 2793 proprio
453 2745 464 2769 ι
486 2741 553 2776 esser
567 2725 636 2776 soliti
656 2744 680 2785 ι,
692 2727 713 2788 Ι,
727 2727 775 2787 6ος

327 2797 372 2858 IV,
398 2798 468 2860 3693
493 2797 538 2856 Vl,
564 2807 623 2859 793.
649 2796 691 2845 Ad
716 2798 777 2862 ogni

328 2870 406 2918 modo
425 2869 468 2917 dni
487 2869 554 2933 passi
573 2885 649 2933 sopra
661 2868 778 2933 riportati

328 2939 416 2990 risulta
440 2939 489 2988 che
516 2939 558 2988 nel
585 2947 672 2989 nostro
700 2939 778 3006 luogo

328 3025 429 3060 suemus
446 3031 483 3051 =
499 3025 608 3074 quimus.

365 3093 455 3144 303·4.
474 3095 562 3129 sensus
575 3081 719 3144 impellere:
736 3082 779 3132 dal

329 3151 393 3204 fatto
421 3152 468 3202 che
496 3152 587 3202 alcuna
615 3169 675 3202 cosa
703 3169 779 3218 possa

330 3224 399 3289 agire
418 3225 457 3274 sui
476 3224 550 3284 sensi,
570 3223 590 3273 si
615 3224 713 3274 deduce
732 3225 779 3275 che

331 3293 407 3344 ribbia
438 3303 527 3346 natura
555 3310 686 3361 corporea.
712 3294 779 3346 Gell.

330 3368 361 3430 V,
390 3374 437 3430 15:
468 3386 480 3411 ι
511 3381 602 3432 corpus
632 3374 716 3417 autern
743 3374 781 3419 est

330 3439 399 3503 quod
418 3444 461 3488 aut
479 3438 593 3488 efficiens
618 3446 655 3488 est
674 3445 716 3488 aut
735 3455 779 3504 pa·

331 3511 413 3567 tiens;
436 3510 463 3558 id
482 3509 580 3560 Graece
599 3509 733 3560 definitur:
752 3504 781 3558 τὸ

330 3575 387 3644 ἤτοι
398 3581 490 3631 ποιοῦν
501 3575 519 3646 ἢ
531 3575 662 3645 πάσχον».
684 3581 780 3644 Questo

330 3652 387 3704 dice
397 3659 511 3720 appunto
521 3651 644 3704 Lucretio
653 3653 696 3703 nel
706 3667 778 3704 verso

824 1167 953 1226 seguente,
967 1159 1015 1210 che
1028 1159 1110 1208 anche
1124 1157 1212 1208 Gellio
1227 1159 1274 1208 cita

824 1230 879 1295 (ma
889 1232 940 1282 cita
953 1237 1000 1282 aut
1010 1231 1084 1294 tangi
1090 1246 1137 1296 per
1147 1237 1173 1279 et
1184 1225 1273 1293 tangi).

825 1303 937 1368 Epicuro
950 1311 1030 1353 stesso
1039 1301 1089 1368 (pr.
1101 1302 1179 1367 Diog.
1193 1303 1274 1352 Laert.

826 1373 859 1433 X,
879 1372 932 1437 67),
958 1375 1014 1424 dice
1039 1373 1087 1424 che
1110 1372 1127 1422 1¹
1136 1373 1231 1434 anima,
1250 1387 1275 1420 se

826 1461 880 1494 non
908 1445 975 1495 fosse
1002 1459 1126 1510 corporea
1156 1463 1167 1486 ι
1198 1438 1276 1492 oddar

825 1511 875 1582 γὰρ
906 1512 938 1565 ἄν
968 1511 1075 1564 ἐδύνατο
1105 1518 1189 1564 ποιεῖν
1221 1509 1277 1563 οὔτε

826 1583 935 1652 πάσχειν
955 1605 977 1638 ι.
1006 1588 1122 1638 Siccome
1148 1586 1231 1635 anche
1254 1585 1277 1634 la

826 1675 897 1721 voce,
924 1676 940 1709 o
968 1660 995 1708 in
1022 1674 1116 1724 genere
1143 1658 1163 1708 il
1187 1657 1274 1716 su'ono,

828 1730 912 1793 tangit
928 1747 944 1780 o
963 1730 1076 1794 impellit,
1090 1745 1105 1778 e
1118 1726 1174 1778 etot
1194 1729 1277 1794 agisse

828 1801 866 1850 sui
885 1802 965 1852 nostri
978 1802 1053 1859 sensi,
1068 1799 1149 1850 anche
1162 1800 1189 1849 la
1208 1814 1275 1857 voce,

828 1870 927 1922 berche
951 1873 995 1922 noi
1021 1889 1074 1922 non
1099 1872 1125 1921 la
1152 1871 1276 1932 vediano,

828 1943 862 1992 ha
874 1951 964 1994 natura
977 1959 1106 2008 corporea.
1126 1944 1178 1992 Era
1191 1949 1278 2008 questa

828 2015 975 2080 l'opinione
994 2015 1063 2080 degli
1082 2015 1215 2074 atomisti;
1236 2012 1277 2061 cfr.

829 2085 922 2148 Gellio,
942 2087 959 2136 l.
979 2102 1017 2136 c.:
1040 2105 1053 2129 e
1073 2087 1237 2136 Democritus
1251 2099 1278 2132 ac

829 2158 922 2207 deinde
941 2157 1065 2222 Epicurus
1086 2173 1117 2208 ex
1142 2155 1278 2206 individuis

829 2229 977 2294 corporibus
995 2243 1084 2278 vocem
1106 2233 1225 2278 constare
1243 2227 1278 2274 di·

829 2307 897 2362 cunt,
923 2315 1031 2365 eamque
1056 2307 1083 2350 ut
1108 2300 1171 2364 ipsis
1192 2312 1278 2349 eorum

828 2371 911 2422 verbis
930 2378 992 2431 utar,
1011 2366 1095 2435 ῥεῦμα
1111 2365 1219 2434 ἀτόμων
1238 2385 1280 2434 ap·

828 2443 926 2509 pellant
946 2460 970 2492 ι.

865 2525 925 2580 305.
944 2509 1110 2576 fluctifrago:
1138 2511 1219 2562 «che
1243 2512 1281 2560 in·

828 2586 918 2650 frange
936 2585 961 2634 le
980 2585 1048 2634 onde
1071 2602 1094 2648 ι,
1114 2579 1171 2634 οἰοὲ
1192 2602 1205 2627 e
1226 2584 1280 2632 bat·

829 2663 883 2707 tuto
909 2655 977 2705 dalle
1006 2655 1073 2706 onde
1099 2673 1122 2707 ι.
1152 2653 1207 2706 Clr.
1232 2663 1279 2719 275

828 2727 978 2792 silvifragis.

865 2797 926 2864 306.
940 2799 1060 2847 candenti
1077 2798 1134 2848 sole.
1155 2799 1168 2846 I
1185 2797 1281 2848 codici:

830 2870 960 2933 dispensae
990 2869 1018 2918 in
1048 2870 1099 2918 sole
1135 2873 1282 2918 serescunt.·

832 2959 844 2986 c
866 2949 932 2992 stese
954 2940 979 2990 al
1004 2939 1059 2990 sole
1077 2941 1099 2990 si
1125 2941 1282 2990 disseccauo.

830 3013 917 3062 Nonio
940 3021 987 3077 175
1008 3012 1059 3061 cita
1085 3011 1104 3061 il
1123 3027 1198 3077 passo
1218 3019 1282 3061 sotto

831 3091 919 3149 questa
945 3085 1028 3134 forma
1046 3083 1143 3132 eaedem
1166 3081 1286 3132 candenti

831 3155 881 3204 sole
908 3162 1047 3206 serescunt.
1073 3156 1197 3204 Lucrezio
1224 3155 1283 3204 ado·

832 3243 893 3293 pera
912 3225 970 3292 (III¹
991 3225 1055 3292 986)
1083 3229 1116 3277 da
1135 3226 1284 3290 dispendere

832 3299 858 3348 la
891 3299 974 3349 forma
1008 3300 1142 3364 dispersus.
1177 3297 1284 3349 D'altra

832 3376 905 3434 parte
923 3370 942 3419 il
968 3369 1102 3432 dispansae
1126 3367 1179 3435 pud
1203 3383 1283 3420 essere

833 3441 987 3506 rampollato
1002 3441 1045 3490 dal
1055 3447 1194 3504 suspensae
1203 3456 1281 3490 messo

835 3511 860 3561 al
883 3513 1024 3561 medesimo
1052 3519 1127 3574 posto
1152 3503 1196 3560 uel
1214 3526 1282 3560 verso

835 3583 996 3650 precedente.
1009 3583 1033 3634 F.
1046 3581 1135 3632 Nonio
1149 3577 1282 3632 etestimo·

835 3654 926 3706 nianza
939 3651 985 3721 piis
998 3654 1084 3707 antica
1094 3653 1138 3704 dei
1151 3653 1233 3704 nostri
1243 3647 1282 3718 pil

1213 800 1269 860 305
1357 799 1358 840 ς
