2756 4294
423 331 465 375 nn
487 332 596 376 RERUM
618 331 759 376 NATURA.

108 457 216 538 lingua
237 476 307 518 meo
330 457 429 518 suavis
450 456 505 518 diti
527 459 566 519 de
590 468 713 536 pectore
736 457 851 530 fundet,

109 558 144 608 ut
167 566 274 608 verear
296 567 336 607 ne
358 548 442 607 tarda
464 547 546 627 prius
568 566 622 626 per
644 549 780 608 membra
802 556 939 607 senectus

110 647 215 715 serpat
239 647 269 697 et
292 636 323 698 in
347 636 434 697 nobis
456 637 527 698 vitai
550 637 677 697 claustra
700 638 837 707 resolvat,

1011 651 1073 711 415

109 746 205 804 quam
231 725 287 786 tibi
310 727 349 786 de
371 725 475 803 quavis
496 745 555 786 una
578 745 611 785 re
633 725 767 786 versibus
790 723 888 786 omnis

108 824 358 894 argumentorum
381 814 418 875 sit
441 814 528 893 copia
551 813 716 893 missaper
738 813 826 875 auris.

157 905 222 965 Sed
244 923 327 965 nunc
349 913 382 964 ut
405 915 537 982 repetam
561 914 700 982 coeptum
724 914 878 982 pertexere
901 901 995 975 dictis,

108 991 212 1052 omnis
236 1003 270 1052 ut
292 1003 337 1054 est
359 991 446 1071 igitur
469 1013 523 1072 per
546 1013 577 1053 se
602 1003 707 1054 natura
731 994 849 1053 duabus

109 1081 248 1142 constitit
272 1081 304 1146 in
326 1085 431 1143 rebus:
469 1101 538 1143 nam
562 1102 687 1160 corpora
709 1092 788 1158 sunt,
813 1092 844 1142 et
866 1079 962 1156 inane,
1012 1100 1075 1153 420

108 1172 190 1232 haec
212 1169 244 1230 in
267 1190 328 1249 quo
351 1170 407 1231 sita
429 1182 499 1232 sunt
522 1182 553 1231 el
575 1189 634 1250 qua
656 1171 774 1232 diversa
796 1179 962 1232 moventur.

108 1419 123 1452 e
156 1413 209 1450 con
239 1399 321 1450 l'idea
354 1401 493 1451 accessoria
523 1400 570 1450 che

109 1471 240 1522 Memmio
272 1491 284 1515 ι
315 1474 337 1523 si
365 1472 484 1522 abbeveri
512 1490 523 1514 ι
553 1488 568 1520 a

110 1542 200 1609 quelle
220 1541 295 1594 fonti.

146 1625 212 1678 413.
232 1614 397 1679 depectere:
416 1615 461 1664 cfr.
481 1621 569 1667 noina

111 1696 175 1750 73¹·

145 1763 212 1819 415.
230 1756 297 1805 vitai
309 1757 424 1807 claustra
443 1758 568 1806 resolvat:

111 1822 221 1893 giacche
238 1825 380 1892 (1038·39)
401 1835 526 1878 «natura
541 1844 569 1876 a·

111 1899 263 1949 aimonium
277 1899 371 1964 diffluit
381 1900 501 1948 amittens
515 1916 570 1948 cor·

107 1979 174 2034 pus.
190 1987 213 2018 ι.
228 1968 259 2016 L'
269 1969 408 2034 immagine
417 1984 470 2018 non
481 1966 496 2018 e
508 1967 569 2035 perb

111 2040 156 2090 nel
176 2055 252 2090 senso
274 2039 404 2106 platonico
432 2041 474 2091 del
499 2042 570 2092 cieco

111 2126 216 2162 carcere
244 2117 344 2161 terreno
368 2128 382 2162 e
406 2111 448 2162 dei
476 2112 570 2163 vincoli

111 2181 248 2247 corporei:
262 2178 367 2248 giacche
380 2200 426 2248 per
438 2186 568 2248 Lucrezio,

111 2255 229 2303 sbarrate
247 2254 272 2304 le
285 2261 357 2320 porte
367 2255 435 2305 della
445 2256 503 2314 vita,
518 2271 581 2305 non·

111 2321 159 2374 c’l
179 2319 226 2390 pii
244 2325 337 2386 anima,
356 2341 372 2375 o
391 2326 486 2390 meglio
498 2326 570 2378 l'ani·

116 2411 161 2446 ma
173 2396 195 2445 si
207 2395 274 2446 dIsfa
286 2397 357 2461 negli
370 2396 491 2447 elementi
505 2398 569 2448 suoi.

148 2477 213 2529 417.
232 2469 310 2516 missa
326 2476 376 2532 per
393 2470 486 2518 auris:
506 2470 569 2519 Ora·

112 2538 161 2597 zio,
182 2539 233 2602 Ep.
248 2539 285 2587 ad
297 2540 351 2589 Pis.
368 2538 418 2589 180
432 2560 444 2584 ι
461 2541 569 2590 demissa

109 2617 163 2673 per
183 2625 273 2658 aurens
295 2628 316 2660 s,

148 2678 213 2742 418.
237 2688 392 2744 repetam...
415 2691 550 2748 pertexere
563 2701 571 2730 :

114 2771 126 2793 ι
156 2751 284 2816 riprenda¹
308 2752 440 2804 ricominci
465 2773 486 2805 ι.
512 2754 568 2804 Con

111 2821 128 2869 l'
143 2820 247 2871 infinito
278 2824 360 2874 anche
386 2825 414 2874 in
440 2825 486 2884 VI,
516 2835 567 2888 937

114 2911 127 2935 ι
148 2892 233 2942 Nunc
254 2896 337 2943 omnis
358 2904 471 2960 repetam
490 2912 567 2961 quam

112 2979 179 3012 raro
198 2971 304 3029 corpore
321 2967 377 3016 sint
393 2983 434 3017 res
458 2965 568 3016 Comme·

112 3051 261 3085 morare».

149 3117 278 3167 419·420.
291 3106 343 3158 Cfr.
358 3108 431 3173 Epic.
441 3125 479 3174 pr.
489 3109 567 3174 Diog.

112 3177 200 3226 Laert.
214 3177 247 3237 X,
258 3191 306 3241 39:
320 3174 349 3228 τὸ
361 3182 413 3228 πᾶν
425 3176 478 3230 ἔστι
490 3183 568 3244 σῶμα

113 3241 177 3314 [καὶ
203 3247 312 3316 κενόν],·
338 3250 373 3299 ivi
394 3250 441 3301 86:
467 3247 496 3301 τὸ
517 3255 568 3302 πᾶν

113 3321 193 3381 σῶμα
209 3315 255 3370 καὶ
267 3317 372 3386 ἀναφὴς
385 3319 464 3386 φύσις
482 3319 550 3372 ἐστίν
557 3341 569 3380 ,·

113 3389 188 3456 Epic.
202 3407 290 3456 presso
302 3392 369 3441 Plut.
383 3394 442 3444 adv.
455 3393 508 3444 Col.
522 3393 567 3453 XI,

115 3469 129 3524 5
142 3479 148 3511 z
168 3457 185 3526 ἡ
199 3465 253 3512 τῶν
265 3461 348 3513 ὄντων
367 3460 446 3528 φύσις
458 3459 568 3528 σώματᾶ

114 3528 176 3602 ἔστιῚ
186 3529 233 3584 καὶ
251 3531 329 3590 τόπος
339 3549 348 3596 ;
372 3535 417 3586 cir.
440 3537 474 3586 ivi
495 3536 567 3596 XIII,

116 3615 140 3666 3.
163 3603 185 3653 Ε
211 3604 244 3654 da
268 3613 357 3658 notare
381 3607 427 3657 che
451 3608 496 3674 qui
523 3623 569 3673 per

116 3683 226 3741 corpora
245 3677 368 3728 Lucrezio
389 3693 442 3730 non
463 3677 568 3730 intende

625 1397 670 1466 pii
689 1400 726 1465 gli
739 1400 825 1459 atomi,
844 1398 918 1450 bensi
934 1399 959 1449 la
972 1401 1077 1450 materia

624 1471 761 1531 sensibile3
782 1487 796 1521 e
814 1470 899 1521 infatli
917 1471 938 1520 si
956 1471 1077 1520 richiama

624 1542 675 1592 alla
702 1542 898 1592 testimonianza
928 1542 988 1592 dell'
1003 1559 1075 1608 espe-

624 1613 708 1664 rienza
729 1613 765 1677 (v.
786 1611 852 1677 422)
876 1629 923 1678 per
945 1614 1076 1664 efformare

624 1685 641 1733 l'
649 1685 773 1734 esistenza
786 1683 856 1734 della
868 1683 980 1734 materia.
999 1685 1076 1749 Dopo

624 1756 649 1804 la
668 1755 863 1806 dimostrazione
881 1755 986 1820 dunque
1005 1755 1076 1819 degli

624 1828 704 1876 atomi
728 1825 853 1875 invisibili
877 1841 891 1876 e
918 1826 962 1876 del
989 1833 1074 1886 vuoto,

624 1899 731 1948 l’autore
748 1913 821 1963 passa
840 1897 1075 1948 all¹oiiermazione2

624 1965 657 2018 ne
669 1966 713 2018 v'i
733 1969 759 2018 al
771 1969 866 2018 mondo
885 1968 950 2018 altro
963 1968 1010 2018 che
1022 1984 1075 2016 ma·

624 2041 687 2092 teria
700 2057 715 2091 e
728 2047 815 2090 vuoto.
834 2041 894 2090 Non
912 2035 958 2089 v’i
976 2036 1008 2088 ne
1027 2040 1075 2090 sle·

624 2118 752 2176 gamento,
772 2107 805 2160 ne
824 2111 896 2171 salto,
916 2107 948 2160 nl
963 2111 1075 2162 arbitrio.

624 2185 667 2233 Ha
685 2182 836 2233 dimostrato
860 2184 906 2234 che
928 2182 952 2232 la
971 2183 1076 2232 materia

624 2254 725 2306 visibile
755 2254 845 2304 risulta
876 2254 903 2304 di
932 2255 1076 2320 corpuscoli
1119 2250 1121 2256 ’

624 2326 747 2375 invisibili
775 2341 824 2374 con
852 2331 929 2374 vuoto
957 2325 1074 2375 interno:

624 2398 656 2446 ed
674 2413 703 2445 or
721 2412 796 2461 passa
814 2413 829 2445 a
847 2397 1013 2446 dimostrare:
1033 2397 1076 2446 nel

624 2467 719 2516 mondo
738 2484 791 2518 non
810 2463 854 2516 v’l
872 2467 919 2516 che
938 2467 1076 2517 materiae

624 2545 709 2587 vuoto.
733 2539 756 2588 Il
774 2553 849 2588 senso
867 2538 892 2586 ci
913 2544 1031 2602 presente
1050 2538 1076 2586 la

623 2609 741 2660 materia:
767 2608 786 2658 il
809 2609 1002 2674 ragionamento
1022 2605 1075 2673 (lo-

622 2678 725 2746 γισμός)
748 2681 772 2731 ci
794 2681 827 2729 ha
849 2679 912 2729 fatto
934 2679 1045 2744 scoprire
1066 2679 1075 2728 i

623 2753 693 2818 corpi
724 2751 847 2802 invisibili
877 2746 1019 2815 (ἄδηλον)
1049 2751 1075 2798 di

622 2825 663 2873 cui
688 2839 744 2874 essa
768 2823 863 2883 risulta,
889 2822 921 2873 ed
945 2822 964 2870 il
989 2827 1074 2871 vuoto.

623 2895 680 2946 Una
690 2902 758 2944 terzo
769 2903 859 2944 natura
868 2908 921 2943 non
929 2889 965 2942 c’i
972 2891 1075 2958 (quindi

622 2981 675 3015 non
699 2966 791 3025 l’idea,
817 2981 871 3016 non
894 2965 1007 3015 lanima
1034 2965 1074 3014 in-

622 3036 764 3102 corporea).

658 3109 1005 3174 421.haecinquo=in
1025 3125 1075 3172 quo

622 3181 690 3228 haec.
720 3206 753 3215 -
781 3197 851 3244 qua:
880 3201 893 3226 ‹
918 3188 1029 3230 traverso
1055 3178 1074 3227 il

623 3250 698 3317 quale
714 3269 735 3301 s,
756 3275 789 3285 —
803 3251 922 3300 diversa:
943 3271 955 3294 ι
970 3251 997 3300 in
1012 3249 1074 3299 varii

623 3337 691 3371 senSI
713 3341 735 3372 ι.

658 3405 711 3456 422
721 3409 736 3442 e
746 3408 801 3457 sgg.
809 3394 890 3442 Tutto
899 3399 989 3458 questo
1000 3406 1075 3457 passo

622 3462 691 3529 (sino
716 3464 740 3513 al
763 3479 834 3513 verso
855 3461 921 3528 428)
940 3464 972 3512 ha
991 3462 1075 3512 fedele

623 3535 746 3584 riscontro
765 3549 813 3583 con
833 3533 857 3584 le
876 3534 963 3599 parole
985 3549 1073 3598 super·

623 3605 675 3656 stiti
686 3605 712 3654 di
725 3605 838 3670 Epicuro
847 3603 896 3670 (pr.
907 3603 984 3668 Diog.
997 3604 1027 3654 L.
1041 3604 1073 3664 X,

623 3674 718 3743 39-40)
746 3676 793 3726 che
818 3675 863 3741 qui
890 3675 1072 3742 riporteremo:
