2756 4294
411 317 453 358 DE
476 316 584 358 RERUM
608 315 748 362 NATURA.

1007 317 1065 373 127

106 443 211 504 omnia
235 440 313 502 enim
338 439 438 501 stolidi
461 439 554 518 magis
577 439 761 500 admirantur
783 449 954 516 amantque,

106 532 233 592 inversis
256 549 333 608 quae
355 531 412 590 sub
435 529 534 589 verbis
556 527 700 612 pritantia
723 538 857 600 cernunt,

110 639 239 698 veraque
261 618 446 680 constituunt
469 638 546 696 quae
569 619 649 678 belle
673 627 794 694 tangere
819 627 943 694 possunt

106 708 187 770 auris
211 720 240 770 et
262 705 364 786 lepido
386 727 462 784 quae
484 718 554 768 sunt
575 709 673 767 fucata
696 724 811 766 sonore.

156 801 234 857 Nam
257 817 309 858 cur
332 806 393 856 tam
415 795 513 856 variae
536 815 583 856 res
606 805 728 873 possent
751 813 823 866 esse,
848 792 976 870 requiro,
1003 797 1066 872 645

109 905 149 946 ex
171 905 232 946 uno
255 885 280 945 si
302 895 370 944 sunt
391 884 453 962 igni
475 903 611 962 puroque
633 885 770 944 creatae?

110 975 154 1035 nil
175 976 330 1052 prodesset
352 973 431 1034 enim
454 973 585 1034 calidum
608 971 760 1032 denserier
782 970 881 1049 ignem

114 1253 178 1304 pure
190 1239 217 1288 in
235 1239 329 1304 Ennio,
344 1243 414 1288 Arm.
435 1251 469 1300 29
487 1255 500 1288 e
517 1251 565 1302 139

112 1310 250 1373 Vah1.(=
269 1323 304 1372 44
318 1327 331 1359 e
345 1311 377 1372 67
394 1309 498 1373 Velm),
513 1328 526 1359 e
540 1311 567 1358 in

116 1381 191 1430 Livio
208 1381 356 1430 Andronico
369 1397 406 1446 pr.
425 1381 502 1430 Festo
515 1393 567 1446 352

115 1473 151 1494 ·-=
179 1451 278 1502 framm.
305 1464 338 1501 22
363 1453 391 1500 B.
423 1452 462 1500 Lo
487 1459 567 1501 stesso

117 1523 193 1573 Festo
206 1523 256 1572 cita
269 1538 332 1588 pure
351 1522 426 1585 (261)
446 1523 465 1570 il
481 1532 568 1571 nostro

116 1609 188 1643 verso
207 1608 221 1642 e
240 1593 248 1642 i
267 1593 317 1643 due
336 1594 449 1642 enniani.

151 1667 211 1726 642.
224 1665 336 1713 inversis
350 1667 396 1713 sub
413 1665 512 1712 verbis:
531 1671 568 1712 tra

116 1735 261 1784 iriscontri
286 1735 328 1797 del
353 1735 446 1784 Munro
470 1735 504 1784 mi
523 1751 569 1799 par

117 1806 265 1856 conclusIvo
284 1806 371 1871 quello
391 1821 439 1854 con
459 1805 568 1868 Quintil.

114 1878 203 1927 Instit.
222 1878 293 1935 VIII,
316 1877 339 1936 6,
357 1890 408 1938 44:
427 1873 569 1941 ἀλληγορία

114 1964 192 2012 quarn
210 1949 381 1996 inversionem
394 1949 568 2012 interpretan-

115 2027 160 2068 tur
187 2019 264 2066 aliud
287 2020 371 2068 verbis
394 2020 472 2068 aliud
492 2035 569 2067 sensu

116 2090 234 2147 ostendit,
248 2091 323 2138 etiam
342 2089 447 2138 interim
466 2097 568 2138 contra·

116 2159 193 2208 rium.
218 2161 242 2208 11
261 2160 373 2210 discorso
397 2161 424 2208 di
447 2161 568 2222 Eruclsto,

117 2246 189 2279 come
208 2247 302 2295 appare
321 2230 364 2279 dai
384 2231 539 2290 frammenti,
555 2227 568 2280 ὲ

115 2308 183 2350 tutto
201 2302 348 2366 allegorico.
432 2323 435 2330 ⁴
513 2323 516 2330 ·

152 2372 212 2436 643.
241 2381 345 2438 tongere
370 2374 461 2422 auris:
490 2394 502 2418 ι
531 2374 568 2422 di·

116 2443 206 2493 lettare
225 2437 250 2492 le
269 2445 385 2493 orecchie
407 2464 428 2492 ε.

154 2515 214 2575 644.
257 2531 365 2564 sonore:
413 2517 568 2566 sostantivo:

118 2606 130 2629 ι
152 2601 235 2634 suono
256 2602 278 2635 s,
301 2585 324 2634 Il
342 2594 418 2651 poeta
437 2587 497 2636 vuol
516 2587 570 2636 dire

117 2657 164 2705 che
182 2655 207 2705 le
224 2662 342 2706 sentence
356 2657 474 2707 eraclitee
492 2657 571 2707 fanno

117 2726 160 2775 bel
178 2739 261 2775 suono
274 2743 288 2776 e
301 2727 446 2792 riempiono
463 2728 488 2780 le
501 2744 570 2778 orec·

117 2797 181 2857 onie,
202 2813 244 2846 ma
262 2813 314 2846 non
333 2799 383 2848 han
402 2799 529 2865 pensiero.
548 2801 571 2848 E

118 2883 170 2918 non
190 2863 204 2914 ὲ
229 2871 303 2918 verol
332 2870 355 2918 11
373 2870 493 2935 pensiero
514 2873 536 2920 v'
548 2867 570 2934 ὲ,

119 2955 133 2988 e
152 2937 236 3005 quale,
256 2955 270 2990 e
289 2955 362 2990 come
380 2940 523 3006 prosondo!

154 3011 215 3073 645.
234 3026 299 3059 cur:
319 3011 364 3076 qui
377 3027 422 3076 per
437 3014 569 3074 quomodo.

117 3079 141 3130 II
159 3087 237 3147 poeta
255 3081 327 3132 dice:
353 3097 425 3132 come
442 3082 463 3131 si
482 3084 571 3148 spiega

116 3151 144 3200 ia
172 3149 267 3202 varietit
296 3152 364 3202 delle
392 3168 459 3214 cose,
488 3169 515 3204 se
546 3155 571 3205 la

117 3223 226 3272 materia
244 3219 258 3272 ὲ
277 3227 348 3273 una?

154 3294 216 3356 646.
236 3310 267 3343 ex
285 3311 357 3344 uno:
376 3295 447 3346 idue
462 3295 570 3346 leidensi

118 3375 176 3424 uro,
202 3363 249 3414 che
275 3359 289 3414 ὲ
317 3372 426 3416 eorretto
455 3366 483 3414 in
510 3380 571 3416 vero

118 3435 179 3486 nell'
190 3436 313 3500 oblongus
343 3453 357 3486 e
388 3437 415 3485 in
446 3455 498 3486 uno
528 3437 572 3488 nel

116 3507 273 3571 quadratus.
301 3505 354 3557 cfr.
384 3508 435 3571 636
461 3524 493 3556 εκ
517 3509 574 3573 igni

118 3578 256 3626 consistere
274 3578 335 3628 solo.
354 3578 466 3628 Eraclito
483 3578 572 3629 diceva

116 3647 166 3698 che
192 3647 211 3696 il
236 3648 332 3700 mondo
357 3665 409 3698 non
437 3649 465 3698 iu
487 3655 572 3700 creato

621 1235 654 1288 ne
672 1239 752 1288 daun
770 1240 820 1298 dio,
834 1235 867 1287 ne
886 1239 918 1288 ds
936 1253 972 1287 un
985 1252 1070 1300 uomo,

622 1327 663 1359 rna
688 1326 744 1360 esso
770 1309 806 1368 iu,
829 1306 850 1368 ὲ,
877 1327 891 1360 e
916 1306 972 1358 sari
996 1309 1072 1358 iuoeo

621 1397 722 1446 sempre
740 1382 806 1443 vivo,
818 1381 865 1430 che
881 1381 1072 1444 gradatamente

621 1453 642 1502 si
662 1452 771 1501 accende
795 1467 809 1500 e
835 1452 1028 1514 gradatamente
1051 1451 1072 1500 si

622 1539 734 1588 spegneg
758 1538 796 1586 pr.
816 1521 957 1578 Clemente,
977 1523 1072 1571 Sirone.

622 1594 667 1652 IV,
699 1603 765 1656 105:
797 1596 898 1655 κόσμον
926 1590 999 1642 τόνδε
1029 1588 1074 1642 τὸν

622 1659 700 1713 αὐτὸν
719 1660 841 1716 ἁπάντων
859 1660 918 1712 οὔτε
940 1681 976 1718 τις
1000 1661 1074 1713 θεῶν

622 1731 682 1784 οὔτε
701 1731 854 1796 ἀνθρώπων
872 1731 1000 1798 ἐποίησεν,
1018 1731 1073 1784 ἀλλ’

622 1802 655 1870 ἦν
674 1801 713 1854 ἀεὶ
729 1802 774 1854 καὶ
787 1803 855 1854 ἔστιν
873 1801 919 1854 καὶ
931 1802 1001 1854 ἔσται
1019 1809 1073 1869 πῦρ

623 1874 742 1936 ἀείζωον,
761 1873 905 1939 ἁπτόμενον
927 1872 1009 1940 μείρα
1027 1873 1074 1926 καὶ

623 1944 848 2012 ἀποσβεννύμενον
883 1944 964 2012 μέτρα
998 1946 1073 2012 (Her.

624 2019 653 2068 fr.
674 2032 708 2081 30
726 2019 819 2082 Diels).

658 2090 784 2154 ⁶47·⁶5²·
804 2090 868 2139 Dice
888 2089 907 2138 il
920 2093 1010 2155 poeta:
1032 2090 1074 2139 voi

623 2162 674 2210 dite
694 2162 740 2211 che
765 2161 807 2210 dal
832 2161 908 2209 fuoco
933 2177 996 2210 sono
1015 2168 1074 2212 nate

623 2239 688 2281 tutte
713 2232 737 2281 le
763 2249 828 2292 cose,
858 2231 986 2297 mediante
1014 2247 1074 2281 con·

623 2303 775 2352 densazione
801 2319 814 2352 e
839 2304 1012 2360 rareiazione;
1033 2319 1074 2352 ma

623 2374 688 2423 sele
707 2373 837 2438 particelle
853 2374 879 2422 di
893 2374 969 2424 fuoco
988 2374 1075 2424 hanno

624 2445 648 2492 la
667 2453 745 2492 stessa
764 2453 854 2492 natura
873 2445 914 2493 del
938 2451 1011 2503 tutto,
1031 2445 1074 2495 nel

624 2515 787 2564 condensarsi
803 2530 855 2562 non
874 2515 952 2563 fanno
965 2515 1011 2564 che
1030 2531 1074 2564 au·

625 2593 738 2635 mentare
757 2585 776 2632 il
795 2585 886 2644 calore,
907 2602 920 2634 e
946 2585 988 2635 nel
1007 2603 1073 2635 rare-

625 2657 685 2708 farsi
703 2656 868 2706 diminuirlo:
893 2671 965 2705 come
988 2663 1075 2721 potete

624 2727 791 2791 immaginare
824 2727 871 2776 che
901 2743 1012 2776 nascano
1042 2728 1075 2777 da

625 2797 665 2848 eid
684 2814 767 2848 nuove
786 2801 862 2848 cose?
882 2798 994 2847 Eraclito
1007 2799 1075 2864 spie-
1127 2849 1131 2857 ,

626 2887 689 2934 gava
707 2876 853 2920 veramente
871 2869 887 2916 l'
896 2869 995 2933 origine
1007 2869 1075 2921 delle

625 2957 683 2992 cose
711 2956 759 2989 con
783 2940 808 2990 la
833 2940 1034 2991 condensazione
1061 2959 1075 2991 e

624 3011 779 3062 rarefazione
801 3011 843 3060 del
865 3011 957 3062 suoco:
983 3011 1074 3078 Simpl.

621 3084 696 3148 phys.
723 3094 764 3144 23,
790 3093 839 3144 33:
863 3079 988 3138 Ἵππασος
1011 3078 1040 3132 δὲ
1061 3080 1076 3132 ὁ

624 3151 819 3207 Μεταποντῖνος
837 3149 884 3202 καὶ
904 3150 1076 3216 Ἡράκλειτος

624 3221 640 3273 ὁ
660 3219 817 3287 Ἐφέσιος..
831 3260 836 3272 .
850 3262 855 3274 .
874 3227 927 3289 πῦρ
952 3221 1076 3288 ἐποίησαν

625 3291 672 3358 τὴν
690 3289 782 3358 ἀρχήν,
802 3292 848 3344 καὶ
873 3291 905 3344 ἐκ
929 3291 1013 3358 πυρὸς
1030 3310 1075 3344 πο-

625 3369 693 3416 ιοῦσι
722 3361 752 3414 τά
780 3362 840 3415 ὄντα
870 3362 1005 3415 πυκνώσει
1029 3361 1076 3415 καὶ

624 3432 741 3502 μονώσει
765 3432 811 3484 καὶ
839 3434 972 3486 διαλύουσι
999 3432 1076 3486 πάλιν

625 3505 661 3562 εἷς
679 3511 741 3570 πῦρ,
755 3503 792 3561 ὡς
811 3504 903 3571 ταύτης
915 3509 977 3569 μιᾶς
995 3503 1076 3572 οὔσης

626 3575 733 3643 φύσεως
743 3573 788 3641 τῆς
798 3575 977 3642 ὑποκειμένης.
989 3577 1020 3628 V.
1031 3593 1076 3626 no·

626 3657 651 3700 ta
664 3666 679 3699 a
692 3649 751 3714 653.
766 3649 798 3698 V.
812 3649 849 3698 St.
864 3650 920 3700 erit.
933 3666 958 3715 p.
973 3648 1006 3698 62
1020 3663 1074 3714 sgg.
