2778 4286
436 320 478 363 ΒΕ
501 321 610 364 RERUM
633 321 764 364 NATURA

1021 307 1082 383 163

120 470 251 529 corpora
273 459 420 528 perpetuo
442 448 567 510 volitare
590 447 700 510 invicta
722 469 776 527 per
797 469 912 524 aevom,

123 559 206 600 nunc
228 558 292 617 age,
318 536 444 600 summai
468 539 615 617 quaedam
638 537 676 599 sit
698 537 764 598 finis
792 558 905 610 eorum,

122 645 221 689 necne
245 627 290 700 sit,
316 630 510 688 evolvamus:
545 627 618 688 item
640 628 724 704 quod
747 627 837 688 inane
859 637 1040 706 repertumst

122 736 178 778 seu
199 719 285 778 locus
305 736 340 777 ac
356 716 493 794 spatium,
511 737 559 777 res
574 716 607 777 in
622 735 684 793 quo
699 735 837 794 quaeque
853 727 1000 795 gerantur,
1020 735 1082 796 955

123 805 334 885 pervideamus
357 817 457 866 utrum
479 804 597 866 finitum
619 804 754 866 funditus
778 824 867 866 omne

121 903 250 968 constet,
274 914 313 954 an
335 894 515 954 immensum
539 903 639 972 pateat
661 904 804 972 vasteque
827 895 1021 972 profundum.

169 983 271 1044 Omne
293 985 377 1062 quod
400 993 446 1043 est
467 983 557 1062 igitur
579 985 663 1044 nulla
684 982 807 1061 regione
829 983 944 1043 viarum

123 1069 288 1133 finitumst:
325 1091 455 1150 namque
478 1083 645 1133 extremum
668 1073 800 1132 debebat
823 1073 951 1134 habere:

123 1171 294 1222 extremum
317 1181 407 1239 porro
430 1160 541 1222 nullius
564 1180 652 1240 posse
674 1159 792 1221 videtur

1023 1165 1086 1241 960

123 1269 200 1324 esse,
225 1249 282 1310 nisi
305 1251 382 1310 ultra
404 1249 441 1310 sit
464 1252 547 1328 quod
570 1249 667 1326 finiat;
704 1260 737 1312 ut
759 1250 895 1310 videatur

162 1539 223 1594 952.
252 1530 379 1580 uolitare:
407 1531 478 1581 detto
510 1531 581 1596 degli

126 1601 211 1651 atomi
227 1601 274 1651 che
286 1608 462 1652 eternamente
473 1602 496 1652 si
508 1619 581 1652 muo-

127 1688 197 1721 vono
215 1673 285 1723 nello
304 1673 396 1738 spazio.
421 1672 482 1723 Cosi
500 1674 528 1722 in
546 1675 581 1738 ΙΙ,

124 1743 181 1808 380
200 1739 214 1792 ὲ
232 1744 303 1794 detto
321 1743 363 1793 dei
377 1746 526 1809 primordia
541 1762 582 1794 re-

125 1831 196 1873 rum,
217 1816 245 1865 in
263 1817 296 1874 11,
315 1825 362 1878 105
367 1823 381 1879 5
401 1815 444 1865 dei
462 1817 560 1864 semina
571 1834 583 1874 ,·

122 1886 155 1934 in
174 1887 220 1946 ΙΙΙ,
236 1899 268 1950 33
282 1901 297 1935 e
316 1885 360 1945 IV,
375 1896 409 1948 47
423 1886 465 1936 dei
477 1893 583 1937 cuncta-

127 1972 190 2006 rum
210 1957 317 2006 exordio
334 1973 431 2008 rerum.

164 2037 226 2092 953.
251 2028 415 2079 summai...
444 2028 479 2078 ss't
502 2029 581 2088 finis:

125 2095 185 2147 aiot
203 2115 231 2149 se
257 2098 307 2149 essi
332 2099 405 2149 sieno
423 2100 451 2149 in
475 2115 582 2151 numero

127 2166 210 2220 finito,

165 2251 227 2306 954.
246 2256 341 2291 necne:
362 2240 415 2291 cosi
434 2242 454 2292 il
465 2243 583 2292 Pontano

125 2329 144 2363 e
157 2312 177 2362 il
189 2311 317 2362 Lambino
330 2328 376 2377 per
388 2328 434 2362 nec
448 2313 491 2362 dei
508 2313 581 2363 codd.

130 2409 162 2420 -
189 2384 353 2432 evolvamus:
377 2385 422 2450 qui
446 2383 490 2434 nel
508 2399 584 2434 senso

128 2455 157 2504 di
171 2473 185 2499 ι
200 2453 317 2519 spiegare
333 2473 355 2504 ο,
366 2480 397 2490 -
411 2462 582 2519 repertumst:

123 2526 177 2576 che
201 2525 246 2574 noi
271 2525 375 2574 abbiam
397 2531 503 2584 trovato,
527 2522 583 2574 cioe

128 2596 288 2646 dimostrato.
301 2594 355 2647 Cir.
369 2606 467 2660 503·4:
487 2597 584 2660 duplex

129 2675 229 2717 natura
248 2668 362 2716 duarum
387 2667 520 2716 dissimilis
543 2683 584 2717 re-

127 2754 190 2788 rum
209 2737 282 2802 louge
301 2745 419 2787 constare
436 2745 572 2802 repertast.

165 2807 226 2873 956.
244 2808 376 2872 fuuetitus
400 2825 494 2860 omne:
518 2809 585 2859 circa

126 2887 222 2946 questa
240 2879 335 2928 unione
360 2887 474 2929 costante
496 2896 584 2944 presso

130 2951 256 3001 Lucterio
288 2949 346 3000 vedi
377 2951 387 2999 i
415 2949 484 3017 passi
513 2951 585 3003 citati

128 3021 201 3072 nella
218 3028 280 3070 nota
298 3039 313 3070 a
331 3019 392 3083 478.

166 3102 228 3159 957.
246 3099 336 3142 vaste:
355 3093 374 3141 il
387 3097 504 3142 concetto
517 3093 585 3144 della

130 3159 278 3214 immensitd
296 3163 365 3213 dello
381 3163 466 3228 spaaio
484 3159 499 3212 ὲ
517 3181 584 3215 sem·

129 3252 177 3302 pre
196 3235 269 3284 unito
288 3250 336 3284 con
355 3235 443 3300 quello
461 3233 530 3286 delle
543 3251 585 3286 so·

129 3306 236 3356 litudini
254 3305 361 3356 deserte.

167 3375 228 3442 958.
268 3377 348 3426 Oome
378 3377 450 3441 quod
480 3383 534 3426 est:
571 3394 585 3429 e

129 3449 224 3516 quindi
254 3447 270 3496 1¹
282 3447 400 3498 universo
432 3453 506 3510 tutto,
537 3449 586 3500 che

128 3517 288 3584 comprenda
307 3519 331 3568 le
350 3519 400 3570 due
418 3515 512 3580 οὐσίαι,
532 3537 586 3570 ma·

132 3589 197 3641 teria
216 3607 229 3639 e
247 3598 334 3640 vuoto.
349 3616 382 3626 -
395 3589 471 3640 nulla
483 3591 586 3656 regione

129 3661 256 3712 viarum:
275 3656 330 3712 cioe
351 3681 363 3706 e
384 3661 411 3711 in
424 3660 489 3712 niun
501 3675 584 3725 senso,

636 1532 663 1581 in
681 1531 761 1581 niuna
785 1531 913 1582 direzione
934 1551 956 1581 ι.
982 1531 1043 1582 Cosi
1061 1532 1090 1581 in

634 1603 660 1652 ΙΙ
680 1615 732 1665 249
757 1611 827 1652 recta
849 1605 952 1666 regione
972 1605 1028 1653 viai
1046 1603 1088 1653 de·

635 1675 734 1724 clinare
754 1694 766 1718 c
793 1673 861 1722 dalla
886 1673 955 1723 linea
980 1680 1045 1724 retta
1065 1692 1088 1724 s.

635 1740 725 1795 Sicehe
755 1747 824 1809 regio
854 1745 910 1793 alal
940 1761 956 1794 ο
984 1745 1090 1793 viarum

636 1831 723 1882 presso
742 1818 772 1867 L.
787 1835 824 1856 =
845 1815 1000 1866 ‹direzione
1015 1834 1037 1866 ι.
1058 1816 1091 1865 In

638 1900 703 1950 1041
735 1883 749 1936 ὸ
777 1888 879 1936 ratione
909 1902 1002 1935 aversa
1026 1886 1088 1936 usal.

635 1957 691 2008 Che
715 1958 740 2007 vi
765 1958 787 2007 si
812 1957 896 2007 debba
919 1957 1024 2021 leggere
1049 1972 1090 2006 re-

633 2030 731 2096 gione)
753 2057 785 2065 -
798 2029 880 2094 Sapra
894 2035 959 2077 tutto
979 2028 999 2077 il
1014 2042 1090 2094 passo

636 2099 769 2166 958·1051
785 2101 843 2150 vedi
859 2099 1089 2159 Hoerschelmann,

638 2173 770 2223 observat.
824 2172 928 2221 Lucret.
981 2171 1087 2229 alterae,

635 2244 765 2304 Teubner,
780 2241 860 2305 1877;
875 2242 1013 2303 Susemihl,
1026 2241 1090 2291 Plll·

636 2313 734 2378 lologus
753 2313 846 2372 XLIV,
867 2332 892 2379 p.
913 2313 946 2376 78
968 2329 1039 2378 segg.
1059 2312 1092 2362 ed

637 2399 682 2432 ora
712 2384 824 2448 Brieger‚
855 2386 1013 2449 Philologus,
1042 2381 1093 2432 LX

637 2452 739 2520 (1901),
759 2470 785 2503 n.
798 2470 823 2518 4.
837 2455 859 2504 Il
878 2456 983 2517 Brieger
999 2454 1091 2504 ritiene

636 2526 683 2576 che
710 2526 726 2574 l·
739 2525 829 2575 ordine
854 2526 887 2574 da
911 2524 1026 2574 stabilire
1053 2524 1092 2573 sia

636 2596 656 2645 il
670 2605 809 2661 seguente:
830 2593 935 2646 Infinita
947 2595 989 2644 del
1008 2601 1090 2644 tuttos

637 2666 754 2733 958-967
772 2665 863 2732 (prova
876 2673 951 2717 tratla
964 2666 1032 2715 dalla
1044 2681 1092 2714 no·

637 2739 710 2789 sione
723 2755 796 2788 omne
809 2741 880 2802 quod
895 2737 944 2803 est)
966 2749 986 2788 ÷
1011 2733 1092 2786 1008-

640 2823 707 2874 1013
726 2807 919 2875 (impossibilita
931 2811 978 2859 che
992 2809 1011 2857 il
1024 2813 1092 2859 tutto

637 2881 659 2931 si
678 2882 715 2932 sia
739 2883 772 2931 da
790 2877 817 2929 se
842 2888 922 2931 stesso
948 2880 1034 2930 fissato
1055 2894 1093 2928 un

637 2951 731 3017 limite)
752 2963 775 3002 ψ
799 2952 931 3014 998·1001
959 2949 1091 3018 (analogia

639 3030 714 3074 tratta
732 3022 801 3072 dalla
819 3031 906 3073 nostra
924 3020 1093 3088 asperienza).

638 3093 743 3145 Infinita
756 3095 825 3144 dello
838 3095 936 3161 spazio:
951 3102 988 3145 tre
998 3108 1091 3160 prove:

638 3165 757 3230 968·983
778 3177 801 3214 ÷
821 3166 937 3229 984·997
963 3180 985 3214 ÷
1012 3175 1093 3213 1002-

641 3247 717 3299 1007.
727 3238 776 3287 Per
786 3238 858 3287 noiil
868 3252 943 3303 passo
953 3235 1089 3298 998·1oot

639 3303 775 3372 erisposra
793 3310 826 3358 ad
837 3307 988 3358 obbiezione
1004 3321 1091 3356 avver-

638 3378 719 3441 saria;
746 3381 778 3430 ed
796 3380 816 3429 il
841 3393 915 3445 passo
940 3377 1090 3439 1008-1013

639 3446 654 3498 ὲ
678 3449 698 3498 il
721 3452 857 3516 passaggio
880 3450 930 3500 alla
958 3449 1091 3498 dimostra-

639 3520 712 3570 zione
731 3521 799 3571 della
822 3517 923 3572 infinirt
946 3519 1015 3570 della
1038 3533 1092 3568 rna·

639 3591 711 3642 teria.
724 3591 757 3642 V.
773 3593 799 3643 le
811 3600 871 3642 note
889 3609 904 3641 a
917 3591 977 3657 quei
990 3588 1091 3655 luoghi.

675 3661 736 3726 961.
756 3664 808 3716 uiss'
824 3663 897 3714 ultro
915 3664 951 3715 sit
967 3661 1038 3727 quod
1054 3659 1094 3724 fi-
