2756 4294
400 333 442 378 mr
465 333 575 378 aanor«
597 333 738 383 aarum.
1016 324 1054 394 83

96 463 231 542 corporis
254 463 413 526 officiumst
436 463 579 541 quoniam
601 482 737 542 premere
761 463 863 524 omnia
886 463 1035 537 deorsum,

97 563 202 614 contra
225 564 325 614 autem
348 563 454 613 natura
476 563 579 613 manet
601 551 665 613 sine
688 554 822 630 pondere
847 552 951 614 inanis,

97 661 169 720 ergo
192 644 275 720 quod
298 652 468 720 magnumst
489 655 584 718 'aeque
605 641 760 718 leviusque
783 640 909 716 videtur,

97 729 249 806 nimirum,
273 735 340 809 plus
364 749 428 792 esse
451 730 508 792 sibi
531 732 663 793 declarat
684 729 798 790 inanis:

995 734 1055 807 ³⁶5

97 829 128 879 at
151 830 256 881 contra
278 819 394 899 gravius
417 822 485 898 plus
507 819 539 879 in
563 838 594 880 se
617 818 749 898 corporis
773 839 836 880 esse
924 823 925 827 ’

97 907 218 970 dedicat
241 919 271 969 et
292 911 388 969 multo
411 908 497 970 vacui
520 907 619 969 minus
641 907 722 968 intus
745 911 865 970 habere.
931 987 934 992 Ι

97 1008 143 1057 est
165 997 262 1076 igitur,
287 997 436 1072 nimirum,
461 997 493 1058 id
514 999 598 1074 quod
619 997 734 1058 ratione
757 996 853 1075 sagaci

97 1087 276 1163 qua-etima,
300 1086 587 1159 admixtumrebus,
612 1087 696 1163 quod
718 1085 808 1146 inane
831 1104 982 1147 vocamua

142 1177 221 1236 Illud
244 1175 275 1236 iu
298 1175 345 1236 his
368 1178 459 1237 rebus
482 1195 521 1236 ne
543 1187 573 1236 te
598 1177 748 1237 deducere
771 1195 844 1236 vero

134 1477 195 1540 362.
215 1473 348 1541 Proprietd
360 1475 402 1526 del
415 1464 493 1542 dorpo
508 1473 521 1524 ὲ
534 1477 554 1525 il

98 1563 167 1613 peso,
187 1543 243 1596 οἰοὲ
261 1547 286 1596 la
305 1547 429 1596 tendenza
447 1563 519 1597 verso
532 1547 551 1596 il

99 1621 181 1668 basso.
202 1617 343 1683 Simplicio,
362 1619 401 1666 ad
413 1619 495 1668 Arist.
512 1620 552 1668 De

100 1690 173 1749 coelo,
195 1689 254 1750 269,
276 1703 301 1750 4,
327 1689 475 1738 attribuisce
502 1689 553 1738 tale

100 1762 263 1826 spiegazione
282 1777 297 1808 a
315 1761 439 1828 Stratone,
460 1777 474 1808 a
492 1761 552 1826 Epi·

100 1847 168 1891 curo,
180 1832 212 1882 ed
223 1831 326 1880 anchea
336 1831 457 1880 Platone:
472 1829 554 1880 ἰστέον

100 1899 128 1952 δὲ
147 1901 185 1951 ὅτι
204 1899 237 1952 οὗ
256 1899 384 1966 Στράτων
395 1899 475 1964 μόνος
492 1897 555 1952 οὐδὲ

97 1971 255 2038 Ἐπίκουρος
278 1969 362 2023 πάντα
385 1969 472 2038 ἔλεγον
489 1969 554 2023 εἶναι

99 2041 130 2094 τὰ
153 2042 263 2108 σώματα
292 2040 376 2110 βαρέα
403 2041 456 2094 καί
476 2042 554 2108 φύσει

98 2113 146 2179 μέν
163 2113 206 2166 ε’ττὶ
224 2112 254 2165 τὸ
277 2113 352 2166 κάτω
376 2113 553 2179 φερόμενα,

99 2184 164 2238 ἀλλὰ
183 2184 229 2236 καὶ
248 2184 264 2236 ὅ
280 2183 396 2237 Πλάτων
408 2181 463 2236 οἶδε
476 2204 554 2252 φερο-

98 2257 180 2324 μένην
192 2254 274 2325 αὐτὴν
285 2256 303 2324 [
300 2255 396 2322 ταύτην
402 2254 449 2322 τήν
458 2255 554 2324 δόξαν]

100 2367 122 2378 ..
136 2367 141 2378 .
153 2327 250 2395 γράφει
269 2327 299 2380 δὲ
309 2325 337 2379 ἕν
358 2327 460 2394 Τιμαίῳ
478 2327 553 2380 τάδε’

99 2399 178 2467 [Tim.
210 2402 252 2461 62,
281 2397 313 2466 a]
342 2397 431 2466 φύσειΙ
445 2396 494 2466 γὰρ
521 2397 554 2465 δή

99 2489 168 2528 τινας
187 2470 282 2528 τόπους
304 2468 352 2522 δύο
371 2467 436 2522 εἶναι
460 2469 554 2537 dratin-

99 2542 182 2608 ῳότας
210 2541 273 2608 διχῇ
296 2539 325 2592 τὸ
345 2545 398 2592 πᾶν
416 2539 555 2604 ἐναντίους,

99 2611 142 2664 τὸν
159 2611 209 2677 μὲν
228 2613 310 2674 κάτω,
327 2611 393 2677 πρὸς
406 2613 437 2664 ὃν
449 2614 556 2678 φέρεται

98 2684 178 2736 nard’
197 2684 245 2736 ὅσα
265 2703 321 2736 τινα
340 2684 420 2750 ὄγκον
434 2683 556 2750 σώματος

100 2755 160 2822 ἔχει,
179 2753 225 2808 τὸν
243 2755 326 2808 δ’ἅνω
346 2774 397 2807 ecc.

134 2829 195 2893 363.
216 2837 303 2878 manet
327 2851 361 2870 =
380 2837 423 2879 est.
445 2855 477 2864 -
501 2830 556 2879 sine

97 2903 227 2966 pondere:
246 2916 273 2950 se
285 2900 310 2948 la
321 2906 411 2949 natura
423 2900 465 2949 del
478 2907 556 2950 ναοῖο

99 2969 200 3035 (inanis
218 2971 345 3034 genitivo)
364 2968 378 3019 ὲ
397 2987 472 3021 senza
484 2987 554 3037 pes0‚

100 3059 154 3092 essa
174 3037 189 3088 ὲ
212 3057 288 3090 causa
315 3042 341 3092 di
366 3042 513 3106 leggerezza
531 3043 555 3090 ai

99 3112 178 3177 corpi.
209 3112 343 3178 Simplicio
363 3113 416 3162 cosi
435 3113 556 3162 continua

99 3183 118 3230 il
137 3199 213 3246 passo
229 3199 274 3233 ora
286 3191 433 3249 apportato:
448 3179 555 3248 καὶγὰρ

100 3249 146 3302 καὶ
174 3252 203 3303 οἱ
228 3250 273 3310 τὰς
301 3251 414 3316 ἀτόμους
441 3251 556 3318 λέγοντες

99 3320 194 3380 vaurde
222 3322 302 3381 οὔσας
332 3323 439 3392 βαρείας
470 3322 556 3390 ἔλεγον

100 3392 180 3451 αὐτὰς
199 3393 245 3446 καὶ
263 3395 362 3462 βάρους
385 3401 438 3452 τοῖς
463 3393 556 3446 συνθέ-

100 3484 153 3522 τοις
172 3465 262 3527 αἰτίας,
282 3465 371 3532 ὥσπερ
391 3467 556 3533 κουφότητος

101 3534 130 3586 ad
148 3536 235 3588 κενόν.

138 3609 197 3672 364.
232 3611 353 3660 videtur:
392 3612 444 3676 qui,
484 3627 556 3661 come

102 3695 189 3744 spesso
208 3681 237 3730 in
255 3681 384 3742 Lucrezio,
399 3698 452 3731 non
467 3702 478 3726 c
491 3699 557 3732 sem·

994 1169 1057 1251 37'0

605 1479 652 1526 bra
673 1496 694 1536 ι,
714 1476 787 1528 bensi
816 1497 827 1521 ι
856 1478 878 1526 si
902 1475 1012 1536 verifica,
1039 1476 1060 1525 si

606 1548 703 1598 ravvisa
724 1567 746 1597 ι,
795 1584 796 1588 ,

644 1619 703 1684 365.
719 1620 782 1683 plus
801 1619 889 1668 inanis
908 1617 978 1682 (gen.
998 1635 1059 1668 neu·

609 1690 670 1753 tro):
690 1687 769 1740 πλέον
794 1687 872 1740 κενόν
881 1708 892 1748 ,·
920 1705 993 1739 come
1018 1689 1060 1740 nel

608 1778 679 1812 verso
698 1770 821 1826 seguente
840 1762 916 1810 vacui
927 1762 1013 1809 minus
1026 1783 1060 1802 =

607 1831 712 1883 ἔλαττον
729 1831 815 1883 κενόν.

644 1903 704 1968 367.
724 1905 839 1954 dedicat:
861 1923 873 1947 τ
896 1902 987 1962 indica,
1007 1919 1059 1952 ma·

608 1976 701 2026 nifesta
724 1992 748 2036 »;
778 1975 823 2026 cfr.
842 1974 948 2025 Coelius
972 1989 1061 2039 presso

608 2047 702 2106 Nonio,
715 2045 773 2105 280,
788 2057 802 2110 7
818 2067 830 2091 ι
844 2047 922 2111 legati
930 2062 980 2110 quo
990 2047 1063 2095 missi

608 2125 678 2178 sunt,
700 2119 816 2178 veniunt,
841 2119 962 2167 dedicant
988 2133 1060 2166 man·

608 2191 670 2238 data
691 2209 712 2238 ι.
732 2191 763 2239 In
782 2190 818 2240 tal
836 2189 979 2254 significato
993 2188 1014 2237 si
1029 2190 1061 2237 ri-

610 2268 680 2309 trova
699 2277 792 2310 ancora
810 2263 837 2311 in
856 2264 876 2320 Ι,
896 2272 949 2323 422
974 2275 988 2309 e
1013 2261 1060 2317 ΙΙΙ1

609 2329 669 2381 208.
699 2359 728 2368 -
754 2333 832 2381 vacui
856 2332 960 2380 minus:
984 2330 1061 2379 l’Ob·

608 2403 702 2466 longus
729 2403 762 2452 ha
789 2419 922 2458 υατυαυι,Ι
946 2401 966 2450 il
991 2401 1061 2462 Qua·

609 2473 694 2522 dratus
712 2473 832 2528 vacur'm,·
844 2472 901 2521 redi
915 2487 991 2536 sopra
999 2473 1062 2536 plus

609 2544 697 2592 inanis
717 2560 731 2593 e
745 2544 808 2608 plus
827 2543 950 2606 corporis.

645 2615 705 2680 369.
737 2615 882 2663 admixtum
912 2615 1006 2662 rebus:
1037 2613 1062 2662 la

610 2687 658 2737 tesi
678 2687 782 2752 dunque
801 2687 882 2734 svolta
906 2701 920 2734 e
945 2686 991 2734 che
1015 2685 1061 2750 qui

609 2757 741 2817 conclude,
761 2751 775 2804 ὲ
794 2757 841 2806 che
859 2755 1004 2805 l'universo
1028 2755 1061 2804 ri·

609 2829 670 2878 sulti
687 2829 713 2878 di
725 2833 803 2877 vuoto
817 2827 951 2877 interrotto
964 2827 996 2876 da
1008 2843 1062 2875 ma·

609 2900 681 2961 teria,
700 2899 737 2950 sia
755 2899 828 2965 quasi
843 2899 870 2947 in
882 2898 1001 2948 ciascuno
1020 2899 1062 2949 dei

609 2972 666 3020 suoi
685 2972 760 3035 puuti
778 2970 913 3020 commisto
939 2971 966 3019 di
984 2977 1063 3020 vuoto

610 3059 623 3091 e
644 3042 677 3110 di·
690 3042 808 3102 materia3
828 3057 851 3105 o,
871 3057 945 3091 come
966 3039 1020 3091 dira
1038 3041 1062 3089 al

609 3129 632 3164 ν.
662 3112 713 3176 526
744 3132 756 3156 τ
777 3121 841 3162 sunt
867 3129 926 3178 ergo
953 3121 1063 3176 corpora

609 3192 678 3232 certa
700 3185 770 3244 Quae
787 3185 900 3248 spatium
914 3184 993 3247 pleno
1000 3191 1062 3246 pos·

609 3257 664 3304 sint
690 3255 848 3320 distrugucre
875 3256 954 3303 inane
980 3273 1002 3302 ι.
1028 3279 1061 3287 ·-

609 3326 680 3390 quod
694 3325 773 3380 inane
790 3341 927 3375 vocamus:
949 3325 1063 3390 Epicuro
1140 3373 1141 3377 ,

609 3411 696 3462 presso
714 3397 800 3460 Diog.‚
823 3397 856 3458 X,
879 3408 926 3456 40:
952 3389 1063 3444 ὅκενὸν

610 3463 655 3516 καί
679 3463 771 3532 χώραν
795 3463 841 3516 καί
865 3461 956 3532 ἀναφῆ
983 3462 1063 3530 φύσιν

610 3535 782 3602 ὀνομάζομεν.

646 3619 771 3674 370-377.
792 3609 945 3659 Obiezione:
974 3625 1026 3658 non
1049 3606 1063 3658 ὲ

611 3681 754 3732 necessario
773 3697 818 3747 per
836 3680 855 3728 il
869 3680 1025 3732 movimento
1044 3681 1063 3730 il
