2756 4294
445 346 487 387 Dte
510 345 617 388 RERUM
641 347 781 390 NATURA.

133 469 211 570 ignis
234 467 265 530 in
289 477 392 529 coetus
414 467 523 546 stingui
545 479 720 546 mutareque
743 488 859 546 corpuS,

132 543 254 630 scilicet,
279 577 316 618 ex
337 559 420 618 nulla
441 560 538 618 facere
560 557 591 616 id
614 557 639 617 si
662 567 745 634 parte
767 567 932 634 reparcent,

133 647 252 708 occidet
274 647 313 706 ad
336 645 439 718 nilum,
464 645 496 705 ni
520 645 638 720 mirum,
662 647 796 706 funditus
818 647 907 706 ardor

131 735 231 796 omnis
253 745 284 794 et
306 754 323 794 e
346 734 408 794 nilo
429 737 502 795 fient
524 753 731 812 quaecumque
753 745 909 809 creantur:
928 771 929 776 κ

133 843 204 884 nam
227 824 438 901 quodcumque
461 823 521 883 suis
544 833 689 883 mutatum
712 823 823 883 finibus
849 823 917 896 exit,

134 912 279 974 continuo
301 914 359 972 hoc
381 931 461 972 mors
484 923 527 972 est
550 910 628 972 illius
650 913 733 989 quod
756 911 812 972 fuit
833 922 911 974 ante.
981 935 984 948 ·

172 1191 233 1243 666.
247 1193 315 1258 ignis
330 1193 456 1241 incoctus
474 1194 586 1258 stingui:

138 1265 146 1313 i
163 1263 237 1314 codd.
250 1270 334 1312 coctus
343 1280 354 1320 ,·
374 1263 433 1312 tutti
445 1263 482 1326 gli
497 1264 587 1314 editori

137 1343 229 1394 coetu,·
247 1334 338 1382 alcune
357 1333 459 1382 antiche
478 1335 587 1383 edizioni

136 1407 223 1454 hanno
241 1403 333 1453 lezioni
347 1405 525 1468 congetturali,
545 1422 587 1454 ma

137 1476 342 1526 evidentemente
368 1475 439 1524 false.
469 1475 585 1525 Secondo

137 1548 162 1594 la
186 1546 299 1594 dottrina
324 1546 441 1595 eraclitea
465 1545 485 1593 il
509 1546 585 1596 fuoco

138 1617 183 1667 nel
201 1617 365 1666 condensarsi
384 1615 405 1664 si
424 1631 560 1681 spegneva
574 1635 588 1668 e

134 1687 229 1753 quindi
247 1694 348 1736 mutava
366 1693 469 1737 natura:
491 1690 547 1739 Aet.
564 1687 585 1751 1,

136 1773 161 1822 3,
186 1771 232 1807 11:
253 1754 344 1806 τούτου
364 1755 500 1822 [πυρός]
499 1753 588 1808 δέκα·

135 1824 356 1914 ιασβεννυμένοο.
370 1825 588 1892 κοσμοποιεῖσθαι

134 1897 168 1950 τὰ
188 1895 284 1948 πάντα·
298 1894 470 1962 πρῶτονμὲν
487 1895 536 1963 γὰρ
559 1897 588 1949 τὸ

133 1967 367 2034 παχυμερέστατον
383 1965 463 2019 αὐτοῦ
477 1967 513 2025 εἰς
525 1967 589 2020 αὕιὸ

134 2037 339 2104 συσσελλόμειον
356 2045 389 2106 γῆ
405 2039 522 2105 γίγνεται,
536 2058 587 2093 ecc.

134 2115 172 2162 In
183 2121 267 2160 coetus
276 2112 380 2177 dunque
389 2111 506 2176 significa
520 2132 532 2156 ι
545 2113 589 2163 nel

135 2200 186 2233 suo
198 2183 344 2246 aggregarsi
359 2201 370 2224 ι
385 2180 441 2232 οἰοὲ
457 2203 469 2226 e
485 2199 589 2232 amano

134 2271 151 2303 a
171 2270 248 2303 mano
267 2255 313 2302 che
332 2254 353 2302 si
371 2255 482 2302 addensa
502 2272 514 2296 ι
541 2252 589 2318 (-·

134 2322 174 2379 εἷς
196 2319 259 2373 αὐτὸ
284 2321 502 2387 ουαιελλόμενον).
528 2327 589 2375 Νοιι

135 2395 244 2444 intende
264 2395 283 2442 ii
303 2395 429 2444 Giussani.
454 2395 551 2460 Meglio
570 2396 589 2444 il

135 2465 318 2515 Bockemfiller
325 2467 371 2516 che
378 2467 466 2532 spiega
475 2468 504 2514 in
512 2468 589 2514 denso

136 2537 184 2586 illo
202 2545 308 2600 corpore
322 2539 441 2600 partium
461 2554 526 2600 quae
545 2553 590 2584 ar-

136 2611 207 2664 dent,
221 2603 321 2656 bencht
330 2623 382 2655 non
395 2607 431 2656 sia
444 2615 589 2672 opportuno

136 2679 157 2728 il
177 2678 299 2726 richiamo
318 2678 343 2726 al
363 2678 421 2735 661,
445 2679 491 2727 che
510 2679 588 2742 paria,

135 2763 213 2800 come
232 2749 350 2797 abbiamo
369 2751 441 2807 visto,
455 2749 481 2797 di
494 2749 588 2798 tutt'al·

134 2829 187 2869 tro.

140 2927 144 2934 .
177 2889 237 2952 667.
258 2905 289 2938 ex
313 2890 387 2939 nulla
404 2889 498 2954 facere
522 2891 591 2939 id·
567 2907 589 2938 st

133 2969 215 3027 parte
232 2968 381 3024 reparcent:
409 2976 435 3010 se
460 2959 488 3009 in
510 2961 589 3010 niuna

136 3039 212 3097 parte
222 3031 243 3079 si
253 3031 399 3095 ritraggono
411 3031 454 3080 dal
466 3047 590 3097 supporre

136 3101 307 3160 l’estinzione,
317 3099 372 3150 ciot
382 3119 408 3152 se
418 3118 590 3166 suppongono

137 3173 189 3222 che
207 3172 225 3220 l'
235 3172 372 3222 estinzione
391 3175 428 3223 sia
441 3173 526 3222 totale.
540 3173 590 3223 Nel

137 3243 244 3293 sistema
254 3243 372 3292 eracliteo
385 3243 411 3308 (e
422 3242 514 3307 stoico)
527 3259 591 3309 que·

136 3322 180 3363 sta
201 3313 340 3363 estinzione
363 3315 442 3364 totale
469 3315 590 3364 avveniva

137 3383 203 3434 nell’
211 3384 354 3434 universale
378 3385 524 3436 cataclisma
547 3401 590 3435 co-

137 3455 230 3516 mico,
249 3455 277 3504 in
295 3457 337 3504 cui
356 3463 422 3508 tutto
440 3456 459 3504 il
474 3457 550 3507 fuoco
569 3456 591 3504 si

138 3525 308 3576 trasformava
322 3527 512 3577 nell'elemento
525 3527 590 3576 umi-

138 3597 176 3646 do
195 3597 242 3646 che
260 3613 303 3646 era
321 3597 340 3645 il
358 3614 427 3648 seme
439 3598 507 3649 della
525 3598 590 3662 rige-

135 3667 288 3720 nerazione:
299 3667 389 3730 elem,
400 3669 454 3719 Str.
464 3668 509 3730 IV,
526 3681 588 3718 101:

1026 828 1090 899 670

641 1189 759 1256 τρέπεται
777 1189 814 1248 εἷς
826 1189 906 1257 ὑγρὸν
920 1188 949 1242 τὸ
963 1189 1000 1248 ὡς
1013 1189 1090 1260 ‹mip-

641 1281 678 1326 μα
698 1267 743 1328 τῆς
761 1261 964 1328 διακοσμήσεως
982 1263 1000 1314 ὅ
1018 1263 1095 1315 καλεῖ

641 1331 784 1384 θάλασσαν.
803 1335 919 1385 Siccome
943 1336 976 1384 da
1001 1345 1092 1401 questo

640 1406 783 1455 universale
797 1421 865 1455 mare
877 1407 898 1455 si
911 1406 1093 1470 rigeneravano

641 1483 705 1526 tutte
723 1477 748 1526 le
763 1491 821 1526 cose
837 1476 895 1541 (ivi:
915 1473 945 1525 εἰι
952 1471 989 1528 δέ
999 1475 1092 1528 τούτου

639 1543 717 1602 αὖθις
735 1544 828 1610 γίνεται
850 1551 884 1612 γῆ
908 1564 954 1596 και
979 1545 1093 1614 οὐρανὸς

643 1614 689 1668 καὶ
699 1635 729 1667 ια
719 1613 962 1683 Ἣέμπεριεχόμενα)
969 1619 1093 1669 Lucrezio

643 1695 802 1752 argomenta:
817 1705 844 1738 se
857 1689 910 1738 dite
922 1689 969 1738 che
985 1696 1050 1739 tutte
1068 1690 1093 1740 le

643 1775 701 1810 cose
720 1775 783 1810 sono
801 1759 884 1818 fuoco,
899 1777 913 1810 e
926 1760 972 1808 che
985 1759 1004 1807 il
1017 1760 1093 1809 suoco

643 1826 699 1879 sie
724 1837 790 1880 tutto
818 1837 916 1896 spento,
945 1831 1049 1894 dunque
1068 1831 1093 1881 le

643 1916 701 1951 cose
714 1917 778 1950 sono
790 1901 870 1950 rinate
890 1901 932 1950 dal
944 1901 1031 1949 nulla?
1044 1903 1093 1952 Per

643 1972 727 2037 questi
736 1989 774 2022 vv.
786 1972 907 2036 665-670
919 1971 953 2036 gl·
961 1972 1094 2037 interpreti

643 2043 783 2106 sbagliano‚
812 2059 865 2091 non
894 2043 1041 2092 riserendoli
1068 2043 1093 2092 al

643 2113 789 2163 cataclisma
825 2113 950 2170 cosmico;
988 2110 1094 2178 giaeche

643 2200 688 2248 per
698 2184 904 2234 l’ordinaria·vita
913 2185 1094 2234 dell'universo

643 2270 695 2303 non
714 2257 836 2304 varrebbe
853 2256 879 2303 la
898 2257 1003 2319 ragione
1026 2256 1095 2305 della

643 2325 722 2375 totale
734 2326 883 2375 estinzione.
903 2325 1049 2391 Spiegando
1062 2327 1095 2375 ad

644 2411 678 2445 es.
701 2397 741 2444 col
765 2396 956 2446 Bockemttller:
989 2417 1001 2440 ι
1019 2413 1095 2446 wenn

643 2466 680 2516 sie
699 2466 799 2516 uberali
819 2467 870 2514 und
897 2481 927 2514 zu
940 2466 1021 2532 ‘jeder
1040 2469 1096 2516 Zeit

643 2537 685 2586 die
700 2537 890 2599 Umwandlung
903 2537 947 2585 des
959 2537 1054 2586 Feuers
1067 2539 1095 2586 in

644 2608 716 2658 Ailes
735 2607 857 2656 statuiren
876 2625 887 2649 ι
909 2608 930 2654 si
944 2607 1015 2672 parla
1027 2607 1095 2656 della

644 2679 756 2728 dottrina
774 2678 893 2728 eraclitea
914 2693 987 2726 senza
1005 2693 1094 2742 preoc-

644 2750 745 2814 cuparsi
764 2749 790 2797 di
809 2747 961 2797 conoscerla.

680 2819 740 2869 6⁶8.
752 2819 899 2884 funditus:
917 2817 1011 2867 icddd.
1022 2817 1094 2882 fun·

644 2892 734 2949 ditum·
763 2891 844 2938 ardor
872 2903 917 2953 per
944 2891 1030 2948 arbor
1053 2886 1095 2954 git

644 2961 715 3026 negti
733 2961 828 3010 antichi
846 2959 986 3008 correttori.
1072 3005 1075 3013 ,

679 3015 1094 3094 670·1.Es1ngolarechegl1n-

645 3103 747 3168 terpreti
759 3117 812 3152 non
825 3101 846 3150 si
859 3101 931 3150 sieno
942 3101 1035 3150 accorti
1049 3101 1096 3150 che

644 3174 727 3239 questi
742 3173 792 3222 due
811 3172 877 3221 versi
889 3187 952 3220 sono
970 3171 995 3220 le
1007 3171 1096 3236 parole

643 3254 721 3295 stesse
747 3244 773 3292 di
798 3242 917 3302 Eraclito‚
940 3241 986 3291 che
1007 3240 1052 3306 qui
1077 3241 1096 3289 il

643 3322 719 3380 poeta
728 3314 870 3379 riproduce,
879 3312 951 3378 quasi
962 3327 1007 3376 per
1019 3319 1097 3361 tratre

643 3386 676 3434 da
699 3385 736 3434 lui
760 3393 840 3434 stesso
867 3383 892 3431 la
917 3381 1095 3432 confutazione

643 3455 711 3506 della
725 3471 771 3504 sua
785 3453 911 3504 dottrina:
932 3453 1045 3502 Eraclito
1057 3469 1095 3518 pr.

643 3527 733 3588 Clem.¹
746 3527 849 3582 Strom„
860 3525 905 3583 VI,
920 3523 965 3574 16:
979 3527 1097 3588 ψυχῆσιν

642 3594 756 3651 θάνατος
777 3593 852 3660 ὕδωρ
871 3589 1000 3660 γενέσθαι,
1022 3591 1098 3645 ὕδατι

643 3665 673 3718 δέ
685 3663 799 3722 θάνατος
808 3670 858 3732 γῆν
869 3661 997 3732 γενέσθαι,
1007 3661 1038 3716 ἔκ
1048 3668 1096 3732 γῆς
