2778 4286
448 335 490 376 DE
514 335 622 378 RERUM
640 335 786 381 NATURA.

1035 339 1099 398 149

131 462 241 537 solque
265 478 317 519 sua
339 479 394 537 pro
417 470 500 538 parte
522 461 604 520 fovet
626 458 797 538 tribuitque
812 463 951 535 calorem,
983 457 984 460 '

132 568 268 612 crescere
290 537 492 626 nonpossint
514 551 612 627 fruges
635 549 755 610 arbusta
778 548 956 612 animantis!

131 637 257 712 scilicet,
282 647 312 696 et
334 637 392 696 nisi
413 657 468 698 nos
492 639 576 700 cibus
598 637 700 698 aridus
723 648 754 698 et
776 647 860 699 tener
882 659 968 703 umor

130 727 266 798 adiuvet,
289 725 399 786 amisso
421 726 480 788 iam
504 746 629 804 corpore
652 726 712 788 vita
734 745 854 804 quoque
885 730 983 794 omnis
1030 734 1096 793 810

130 813 277 876 omnibus
299 835 316 874 e
339 813 445 890 nervis,
470 825 560 894 atque
583 814 699 877 ossibus
728 817 916 879 exsoluatur:

130 903 305 964 adiutamur
328 904 408 964 enim
431 903 525 964 dubio
548 905 653 982 procul
675 915 765 982 atque
788 905 895 967 alimur
917 928 973 970 nos

134 991 224 1054 certis
246 993 286 1052 ab
310 995 408 1066 rebus,
433 992 521 1054 certis
543 993 618 1054 aliae
640 1002 731 1070 atque
753 991 828 1055 aliae
851 1015 907 1057 res.

131 1080 285 1155 nimirum,
310 1081 380 1158 quia
402 1083 496 1142 multa
518 1081 615 1142 modis
638 1081 810 1143 communia
831 1084 933 1146 multis

134 1171 294 1230 multarum
318 1189 417 1230 rerum
440 1170 471 1230 in
493 1173 583 1231 rebus
605 1168 769 1248 primordia
792 1171 884 1233 mixta

1031 1179 1094 1254 815

129 1269 214 1331 sunt,
236 1257 306 1318 ideo
322 1257 410 1319 variis
432 1259 530 1320 variae
552 1280 599 1321 res
623 1261 714 1328 rebus
737 1262 868 1324 aluntur.

131 1359 225 1424 atque
249 1347 355 1407 eadem
379 1347 480 1426 magni
501 1350 591 1410 refert
613 1347 776 1427 primordia
798 1369 887 1428 saepe

131 1455 204 1497 cum
227 1435 336 1512 quibus
359 1446 389 1496 et
410 1436 492 1513 quali
514 1437 646 1516 positura
669 1437 877 1500 contineantur

131 1535 166 1584 et
188 1543 264 1602 quos
287 1523 365 1586 inter
388 1545 419 1586 se
442 1526 516 1586 dent
538 1537 638 1588 motus
660 1524 886 1604 accipiantque:

132 1632 266 1691 namque
291 1615 397 1674 eadem
420 1617 535 1675 caelum
558 1636 640 1676 mare
664 1624 757 1676 terras
772 1615 894 1676 flumina
909 1619 1005 1678 solem
1031 1621 1095 1680 820

44 1831 51 1852 '
131 1825 248 1878 avrebbe
284 1841 359 1875 senso
389 1825 475 1890 pieno.
507 1827 590 1876 Tabes

132 1899 281 1948 nimborum
299 1915 335 1935 =
359 1893 442 1946 σαπέν
466 1891 590 1962 ἓνξύλφ

130 1965 211 2030 ὕδωρ
231 1966 304 2018 fram.
325 1965 356 2016 81
377 1967 410 2016 D.

172 2036 233 2088 808.
252 2055 305 2086 non
321 2039 440 2102 possint:
464 2039 486 2088 si
505 2045 588 2104 aspet·

136 2110 242 2161 terebbe
254 2108 444 2174 propriamente
454 2126 507 2158 non
513 2118 590 2174 posse

644 1827 733 1876 multis
747 1826 891 1875 communia
901 1835 1010 1891 corpora
1020 1829 1099 1878 rebus
1173 1825 1179 1837 ‘

644 1897 732 1948 Multa
751 1905 829 1962 putes
846 1913 905 1948 esse.
924 1898 975 1948 Nel
993 1915 1017 1948 v.
1043 1897 1097 1962 814
1184 1931 1186 1952 1

644 1969 726 2018 multa
748 1969 829 2016 modis
851 1963 865 2016 ὲ
884 1969 1029 2020 correzione
1054 1970 1098 2022 del

643 2039 771 2090 Lambino
791 2055 837 2104 per
855 2040 1022 2103 multimodis,
1048 2041 1096 2092 che

643 2111 689 2176 qui
712 2127 766 2160 non
790 2126 868 2160 nveva
892 2111 984 2176 luogo:
1014 2113 1098 2162 multa

130 2197 151 2231 e
168 2181 194 2230 al
211 2197 235 2230 v.
252 2179 304 2228 806
318 2179 468 2250 indulgeam·
480 2179 500 2228 il
513 2187 590 2246 poeta
638 2182 786 2246 primordia
819 2183 963 2232 multarum
1005 2199 1097 2232 rerum

133 2253 169 2302 ha
193 2251 363 2300 liberamente
390 2251 539 2300 coordinato
564 2251 589 2300 le

61 2349 65 2360 ·
132 2323 185 2374 due
207 2321 274 2386 parti
299 2321 342 2372 del
366 2321 479 2387 periodo,
505 2317 589 2371 sicche

130 2394 180 2444 ret
196 2393 222 2442 di
240 2409 264 2442 v.
284 2393 334 2458 805
349 2408 402 2442 non
416 2388 430 2441 ὲ
443 2392 589 2458 copulativo

133 2481 177 2514 ma
189 2463 386 2516 confermativo:
402 2484 413 2508 ι
426 2464 457 2513 ed
468 2463 553 2513 infatti
564 2483 588 2528 ι,

129 2535 168 2588 ed
188 2534 208 2584 il
222 2535 327 2599 possint
345 2529 359 2582 ὲ
378 2535 528 2600 potenziale.

171 2604 419 2666 809·811.Riflesso
432 2607 513 2655 anche
526 2621 588 2670 que·

129 2677 168 2728 sti
186 2677 213 2725 di
231 2676 295 2726 versi
314 2677 481 2742 empedoclei.
495 2677 508 2726 I
522 2675 587 2726 versi

134 2765 189 2799 non
201 2748 224 2796 ei
238 2763 301 2796 sono
315 2747 424 2806 rimasti3
443 2764 485 2799 ma
497 2747 516 2796 il
529 2763 588 2796 con·

132 2825 225 2870 tenuto
247 2833 276 2868 ce
304 2833 337 2868 ne
361 2817 474 2868 riferisce
500 2819 587 2878 Aezio,

130 2891 167 2950 V,
182 2900 224 2952 27,
240 2903 268 2938 1:
283 2885 464 2954 Ἐμπεδοκλῆς
482 2885 588 2954 ιρέφεσ·

131 2957 183 3012 θαι
200 2955 249 3024 μὲν
267 2956 298 3009 τὰ
317 2959 373 3023 ζῷα
393 2955 436 3009 διὰ
460 2955 507 3024 τὴν
524 2957 587 3010 ὑπό-

130 3047 225 3082 στασιν
243 3034 289 3080 τοῦ
308 3027 398 3095 ὑγροῦ,
412 3026 539 3089 αὔξεσθαι
560 3025 590 3080 δὲ

134 3097 180 3152 διὰ
199 3097 246 3167 τὴν
258 3099 404 3164 παρουσίαν
417 3105 462 3150 τοῦ
472 3099 585 3165 θερμοῦ,

130 3169 277 3238 μειοῦσθαι
295 3169 324 3222 δὲ
345 3169 391 3222 καὶ
415 3169 521 3236 φθίνειν
546 3169 590 3222 διὰ

135 3239 184 3310 τὴν
202 3241 322 3308 ἔκλειψιν
340 3239 481 3306 ἑκατέρων.

172 3313 262 3379 812·3.
282 3313 408 3364 Ciascnna
426 3329 485 3363 cosa
499 3313 532 3363 ha
545 3314 589 3364 de·

133 3386 271 3456 terrpinate
287 3386 392 3435 materie
405 3385 432 3434 di
446 3385 588 3434 nutrimen·

133 3465 171 3508 to.
182 3457 205 3508 E
217 3465 276 3506 cosa
289 3455 332 3520 gia
344 3463 461 3522 provata:
475 3471 514 3506 vv.
528 3454 589 3518 184·

140 3541 198 3590 191.

173 3597 300 3660 814-816.
314 3599 482 3648 Brevemente
500 3613 590 3648 accen-

133 3677 198 3720 nato
216 3671 244 3718 in
261 3685 285 3720 v.
311 3669 373 3732 196:
404 3689 416 3715 ι
447 3677 479 3719 ut
499 3670 590 3735 potius

643 2253 725 2302 mixta
741 2260 805 2302 sunt
816 2255 905 2302 multis
923 2253 1005 2303 modis
1016 2255 1045 2304 ιἰι
1057 2271 1097 2304 re·

643 2324 697 2371 bus.

678 2378 846 2454 817·819.i*,
872 2393 890 2440 il
916 2395 1036 2460 pensiero
1054 2393 1100 2445 dei

643 2479 681 2513 vv.
702 2463 810 2526 633-34,
831 2461 932 2526 677·78
952 2481 966 2514 e
985 2465 1028 2514 dei
1041 2481 1097 2514 ver-

643 2534 665 2584 si
685 2533 810 2584 800·8or.
830 2533 883 2584 cfr.
902 2540 964 2583 nota
981 2551 996 2583 a
1015 2535 1075 2600 677.

680 2604 806 2668 820·823.
826 2604 858 2654 Se
877 2604 902 2653 la
921 2612 1010 2654 natura
1025 2605 1097 2670 degli

643 2676 756 2726 atomie
782 2675 901 2734 identica,
930 2675 955 2724 la
981 2683 1097 2725 sostanza

643 2748 712 2798 delle
730 2763 788 2799 cose
802 2743 816 2796 ὲ
830 2747 918 2804 unica;
935 2746 988 2796 ela
1002 2743 1097 2796 variet&

642 2819 805 2870 fenomeniea
827 2818 939 2884 dipende
963 2817 1032 2867 dalla
1047 2817 1096 2866 'di-

643 2907 716 2940 versa
725 2890 833 2955 figurae
848 2889 890 2938 dal
903 2889 1004 2938 diverso
1018 2889 1096 2938 modo

643 2961 669 3010 di
688 2961 867 3032 commistione
886 2959 956 3024 degli
974 2959 1096 3010 elementi

642 3031 782 3082 formatori.
803 3032 826 3081 E
844 3031 869 3080 la
887 3031 968 3081 teoria
981 3031 1097 3096 spiegata

642 3103 670 3151 in
684 3105 718 3166 11,
734 3103 862 3168 652·729.
881 3102 942 3152 Non
960 3102 1029 3151 dalla
1041 3101 1097 3151 sola

642 3172 732 3238 figura,
752 3169 845 3240 perche
864 3172 948 3238 (Epic.
961 3189 999 3238 pr.
1016 3172 1095 3235 Diog.

642 3245 682 3303 L.,
701 3243 734 3304 X,
747 3243 795 3310 42)
807 3241 839 3294 οὗ
852 3239 963 3293 δυνατὸν
975 3239 1095 3308 γενέσθαι

643 3310 688 3370 τὰς
705 3313 831 3371 τοσαύταςΙ
850 3309 981 3378 διαφορὰς
997 3309 1028 3362 ἔκ
1042 3315 1097 3364 τῶν

642 3381 732 3434 αὐτῶν
756 3382 906 3451 σχημάτων.
935 3385 1029 3434 L’idea
1054 3400 1098 3434 era

643 3457 670 3504 in
688 3457 845 3516 Democrito,
866 3471 938 3506 come
956 3455 1046 3504 risulta
1064 3455 1098 3504 da

643 3527 717 3576 molti
735 3529 809 3594 passi¹
829 3528 862 3577 ad
884 3543 919 3577 es.
944 3525 976 3575 dn
1004 3532 1098 3592 questo

643 3597 796 3649 frammento
826 3598 867 3648 sul
894 3596 979 3646 colore
1003 3596 1096 3660 (stota,

643 3669 688 3718 ecl.
703 3671 786 3736 phys„
805 3671 825 3731 Ι,
849 3666 906 3735 17):
927 3665 1099 3734 Δημόκριτος
