2778 4286
309 321 369 378 166

645 333 676 377 T.
700 332 833 376 LUCRETI
857 332 931 376 CAR!

303 471 459 540 praeterea
481 459 609 538 spatium
633 457 759 519 summai
786 457 877 519 totius
900 477 990 519 omne

305 550 442 627 undique
464 549 488 610 si
511 549 658 610 inclusum
682 545 770 609 certis
792 547 967 609 consisteret
990 545 1049 608 oris

1202 553 1270 630 985

306 638 483 717 finitumque
506 641 589 708 foret,
615 637 673 696 iam
698 636 786 715 copia
807 634 941 696 materiai

306 728 441 805 undique
464 727 647 806 ponderibus
671 725 773 786 solidis
796 727 946 786 confluxet
967 727 1007 786 ad
1029 725 1133 800 imum,

307 837 365 878 nec
387 837 434 876 res
457 819 517 876 ulla
540 815 601 894 geri
624 817 681 875 sub
704 815 779 876 caeli
802 815 934 892 tegmine
957 825 1066 892 posset,

306 925 363 967 nec
386 908 463 966 foret
485 905 608 965 omnino
632 907 748 964 caelum
771 923 869 980 neque
892 902 1006 964 lumina
1027 904 1116 979 solis;

306 993 418 1073 quippe
441 994 493 1054 ubi
515 993 652 1054 materies
674 992 772 1053 omnis
794 995 944 1054 cumulata
966 991 1076 1054 iaceret

1202 1013 1272 1072 990

306 1103 344 1144 ex
366 1083 484 1144 infinito
507 1083 565 1142 iam
589 1094 724 1160 tempore
747 1079 943 1142 subsidendo,

305 1400 389 1450 limite
407 1399 528 1450 ulteriore
547 1399 572 1464 ι)
585 1401 702 1464 prolatet
720 1401 757 1466 ef·

296 1472 409 1537 sugium
434 1469 459 1536 (‹
488 1471 580 1536 spinga
604 1488 704 1536 sempre
732 1472 757 1521 al

306 1543 333 1591 di
351 1539 376 1590 lb
388 1541 413 1590 la
431 1544 579 1608 scappatoia
592 1543 638 1592 che
657 1549 684 1592 tu
697 1544 757 1592 vuoi

305 1628 405 1663 cercare
432 1613 466 1676 ι).
490 1613 529 1662 La
554 1614 701 1678 scappatoia
725 1611 756 1666 e:

306 1683 394 1750 quello
412 1684 458 1734 che
473 1685 516 1734 noi
534 1701 655 1734 avevamo
671 1684 757 1734 fissato

305 1771 357 1804 non
387 1771 430 1805 era
457 1763 567 1806 estremo
596 1756 684 1806 limite.
712 1757 756 1806 Ri-

305 1827 404 1892 sponde
429 1828 634 1892 probabilmente
662 1828 694 1876 ad
722 1843 757 1876 un

304 1895 407 1946 sofisma
438 1897 552 1957 formale,
584 1905 692 1964 questo:
730 1914 757 1948 se

305 1969 476 2034 supponiamo
496 1985 531 2018 un
550 1970 632 2018 limite
654 1970 701 2018 che
720 1969 758 2018 sia

305 2047 419 2097 estremo,
441 2055 494 2088 non
513 2040 537 2088 vi
554 2037 606 2104 pub
626 2055 709 2089 essere
721 2055 757 2088 un

305 2109 330 2158 al
358 2110 384 2158 di
407 2107 433 2159 lt
460 2110 647 2160 dell’estremo.
677 2111 699 2159 Ε
724 2111 756 2158 ri-

305 2180 404 2245 sponde
423 2179 470 2229 che
489 2197 534 2244 per
553 2196 651 2231 cercare
666 2188 757 2246 questo

305 2255 422 2309 estremo,
436 2251 457 2299 si
477 2251 606 2301 andrebbe
624 2267 673 2317 pur
690 2268 757 2302 sem-

303 2337 349 2386 pre
372 2321 413 2370 all’
426 2321 528 2370 infinito
551 2321 654 2388 (quindi
679 2329 756 2372 estre·

304 2408 347 2441 mo
360 2407 413 2441 non
432 2393 453 2440 v'
464 2393 516 2455 ha).
536 2393 617 2444 Eche
636 2394 756 2459 risponda

303 2480 317 2512 a
337 2479 373 2512 un
393 2465 428 2513 tal
447 2463 564 2514 sofisma:
586 2465 674 2514 risulta
692 2481 756 2530 pure

304 2535 345 2583 dai
364 2536 430 2585 versi
454 2534 598 2599 998-1000‚
618 2551 691 2585 come
714 2551 754 2585 ve·

304 2606 393 2655 dremo
412 2623 427 2654 a
447 2621 494 2664 suo
512 2607 600 2670 luogo.

339 2675 464 2739 984-991.
488 2677 521 2726 Se
539 2677 565 2726 lo
584 2678 669 2742 spazio
688 2677 755 2726 fosse

302 2746 383 2806 finito,
415 2744 457 2812 git
492 2755 557 2796 tutta
594 2749 619 2797 la
651 2749 757 2798 materia

302 2818 388 2884 spinta
406 2819 448 2867 dal
466 2819 570 2884 proprio
595 2835 658 2884 peso
676 2819 697 2868 si
716 2835 755 2869 sa·

303 2890 382 2939 rebbe
401 2890 539 2939 addensata
563 2891 607 2940 nel
631 2890 711 2939 fondo
729 2890 756 2940 di

304 2959 391 3026 quello
416 2961 510 3024 spado,
535 2977 581 3026 per
606 2961 684 3010 modo
708 2961 755 3011 che

303 3029 375 3080 nulla
393 3027 438 3096 pit
457 3033 582 3097 potrebbe
601 3033 756 3082 muoversie

292 3101 376 3152 ‘nulla
400 3098 445 3168 pit
470 3105 606 3167 generarsi.
635 3102 715 3152 Corne
734 3103 756 3152 si

303 3173 375 3233 vede,
387 3173 432 3239 qui
451 3174 472 3222 si
491 3175 619 3224 combatte
635 3175 651 3222 l'
662 3174 755 3239 ipotesi

303 3243 350 3292 che
369 3245 441 3294 sieno
457 3244 523 3294 finiti
541 3252 612 3294 tanto
625 3245 651 3294 lo
670 3245 755 3310 spazio

304 3315 351 3364 che
370 3315 395 3364 la
413 3317 525 3374 materia,
542 3332 594 3365 non
613 3313 655 3380 gib
673 3317 689 3364 l'
701 3316 755 3382 ipo·

304 3385 352 3435 tesi
370 3386 417 3436 che
436 3388 473 3436 sia
490 3387 562 3436 finito
582 3389 636 3436 solo
655 3387 681 3436 lo
699 3404 755 3452 spa·

302 3457 350 3517 zio,
375 3474 389 3508 e
414 3457 515 3508 infinita
538 3459 563 3508 la
588 3459 701 3508 materia.
725 3459 756 3508 In

302 3530 386 3592 quest’
397 3529 489 3578 ultimo
517 3530 594 3579 modo
622 3525 636 3578 ὲ
666 3531 755 3580 invece

302 3599 440 3650 formulata
463 3601 480 3649 l'
492 3602 586 3666 ipotesi
608 3601 676 3652 nella
694 3616 755 3650 con·

302 3669 429 3720 sutazione
448 3672 475 3720 di
493 3673 623 3737 Epicuro:
646 3689 661 3722 e
679 3671 704 3720 la
722 3672 754 3721 'ri-

811 1407 898 1466 sposta
920 1399 1108 1449 naturalmente
1128 1396 1160 1449 e:
1187 1405 1269 1450 mate·

811 1473 849 1522 ria
867 1471 967 1520 infinita
991 1487 1045 1520 non
1065 1471 1191 1536 potrebbe
1210 1487 1268 1520 rac·

811 1543 938 1593 chiudersi
957 1542 984 1590 in
1003 1557 1056 1590 uno
1072 1542 1158 1606 spazio
1178 1541 1266 1592 finito:

811 1612 861 1680 (pr.
886 1615 964 1678 Diog.
988 1613 1018 1664 L.
1045 1613 1076 1671 X,
1103 1611 1168 1677 42):
1192 1610 1221 1661 εἴ
1240 1629 1269 1662 τε

811 1683 840 1734 τὸ
868 1681 945 1734 κενὸν
968 1681 1002 1749 ἦν
1030 1680 1185 1747 ὡρισμένον,
1213 1679 1267 1733 οὔκ

811 1752 843 1805 ἂν
855 1751 909 1820 ἐἶχε
921 1751 952 1805 τὰ
969 1753 1063 1820 ἄπειρα
1076 1751 1186 1818 σώματα
1198 1752 1268 1806 ὅπου

811 1823 909 1891 ἕνὲστη.

847 1897 908 1960 987.
930 1899 1089 1964 ponderibus
1116 1897 1223 1947 solidis:
1247 1899 1266 1948 il

811 1971 899 2018 solidis
935 1969 1065 2032 aggiunge
1099 1969 1115 2016 l'
1126 1969 1184 2018 idea
1218 1969 1267 2020 che

811 2039 898 2106 quella
925 2056 1008 2088 massa
1032 2039 1058 2086 di
1082 2040 1188 2088 materia
1213 2056 1267 2090 non

811 2111 918 2160 sarebbe
950 2111 1138 2160 internamente
1162 2110 1267 2173 agitata,

810 2178 904 2248 perche
928 2197 980 2231 non
1000 2181 1107 2230 sarebbe
1126 2180 1233 2230 elasrica
1250 2197 1268 2230 o

811 2252 897 2302 fluida.
918 2254 1025 2302 Pondus
1043 2253 1078 2300 ha
1096 2252 1203 2316 dunque
1221 2252 1266 2317 qui

810 2323 954 2388 significato
967 2330 1086 2373 concreto
1105 2323 1132 2371 di
1153 2343 1164 2366 ι
1188 2338 1270 2388 corpo

810 2402 917 2460 pesante
947 2414 968 2454 ι,
995 2410 1067 2444 come
1092 2394 1120 2442 in
1144 2395 1165 2456 Ι,
1197 2392 1268 2458 1058

813 2485 824 2510 e
846 2482 910 2530 quae
930 2467 1049 2528 pandera
1070 2467 1126 2513 sint
1146 2466 1195 2513 sub
1213 2471 1266 2514 ter·

809 2537 848 2585 ris
868 2553 890 2594 ι,
911 2537 944 2595 11,
966 2546 1015 2598 247
1039 2555 1050 2578 ι
1072 2536 1194 2600 pandera
1212 2552 1269 2584 nan

806 2615 881 2673 passe
898 2607 1000 2670 obliqua
1019 2622 1104 2654 meare
1125 2623 1147 2664 ι,
1162 2621 1215 2657 ecc.
1231 2633 1265 2642 —

810 2678 957 2742 confluxet:
976 2677 1149 2741 confluxisset.

845 2747 905 2810 988.
932 2751 978 2798 sub
1004 2749 1068 2796 caeli
1093 2749 1221 2812 tegmine:
1247 2749 1267 2796 il

809 2820 903 2869 Munro
931 2819 981 2868 cita
1008 2818 1062 2867 Cic.
1090 2822 1199 2876 Aratea,
1230 2829 1265 2881 47

811 2910 823 2934 c
850 2893 898 2939 sub
921 2891 1029 2955 tegmine
1054 2889 1119 2938 cael'
1145 2909 1167 2938 ι.
1197 2889 1267 2940 Vedi

809 2976 872 3026 pure
884 2961 978 3011 Ovidio
987 2961 1094 3011 Metam.
1104 2961 1125 3020 1,
1139 2969 1152 3026 5
1167 2980 1179 3004 e
1196 2962 1273 3025 quad

809 3033 871 3096 tegit
888 3033 974 3082 amnia
993 3032 1090 3082 caelum
1112 3049 1134 3082 ι.

845 3117 905 3166 990.
920 3103 1014 3168 quippe
1025 3103 1071 3151 ubi
1082 3119 1091 3150 :
1103 3103 1270 3167 espressione

809 3175 890 3224 molto
910 3175 1061 3240 frequente:
1082 3174 1141 3223 vedi
1158 3175 1181 3233 1,
1201 3173 1265 3236 617,

809 3247 855 3306 ΙΙΙ,
869 3259 929 3309 430,
941 3245 987 3305 IV,
998 3257 1053 3308 434
1065 3259 1116 3294 ecc.
1130 3245 1174 3292 Ha
1188 3261 1270 3294 senso

809 3317 927 3378 causale;
951 3332 965 3366 e
984 3331 1054 3365 serve
1073 3331 1088 3364 a
1106 3315 1267 3379 giustifieare

809 3387 1002 3438 un'asserzione
1016 3387 1085 3438 satta.
1102 3385 1129 3434 Si
1144 3383 1198 3451 pub
1210 3389 1267 3436 vol·

809 3465 863 3508 tare
889 3459 916 3508 in
941 3459 1046 3508 italiano
1074 3457 1090 3505 l'
1103 3458 1271 3522 espressione

809 3529 914 3580 relativa
926 3529 954 3578 in
966 3528 1156 3578 dimostrativa:
1180 3549 1191 3572 ι
1207 3529 1271 3594 poi·

809 3597 856 3651 che
874 3602 902 3650 in
920 3601 956 3650 tal
974 3615 1059 3651 caso...
1081 3618 1103 3649 ι.

845 3685 906 3734 991.
937 3671 1108 3721 subsidendo:
1139 3669 1270 3722 efficacis-
