2756 4294
455 301 497 344 DE
517 303 626 346 RERUM
649 305 789 352 NATURA.

141 445 269 504 corpora
290 428 471 488 constabunt
493 446 530 486 ex
553 427 687 504 partibus
710 428 849 506 infinitis3

141 515 256 592 quippe
279 515 331 576 ubi
355 515 499 576 dimidiae
522 515 612 593 partis
635 537 703 594 pars
728 538 845 596 semper
867 519 992 580 habebit

142 603 297 664 dimidiam
321 616 443 682 partem,
469 623 526 664 nec
547 625 594 664 res
617 607 771 683 praefiniet
792 610 861 669 ulla.

142 711 213 768 ergo
237 712 336 755 rerum
359 692 436 752 inter
460 713 607 752 summam
630 695 845 772 minimamque
868 695 941 772 quid
964 697 1058 756 escit?

140 780 185 840 nil
208 781 271 855 erit!
287 793 320 840 ut
342 781 447 842 distet:
483 801 553 841 nam
577 783 712 859 quamvis
735 785 868 844 funditus
891 783 989 845 omnis
1037 788 1099 844 620

141 887 259 930 summa
282 869 319 929 sit
341 869 464 942 infinita,
490 881 600 944 tamen,
625 871 797 948 parvissima
820 893 896 950 quae
921 884 998 946 sunt,

141 977 178 1018 ex
200 958 323 1018 infinitis
345 961 527 1020 constabunt
550 959 683 1036 partibus
705 981 811 1038 aeque.

140 1049 226 1123 quod
249 1046 389 1124 quoniam
414 1047 488 1106 ratio
511 1050 653 1108 reclamat
676 1069 746 1109 vera
769 1060 917 1128 negatque

141 1363 196 1413 dire
215 1364 323 1414 minima
341 1381 387 1430 per
406 1365 423 1413 1’
433 1381 479 1414 uso
498 1367 596 1416 tecnico
618 1357 621 1362 ⁸

142 1435 168 1484 di
189 1441 280 1506 questa
298 1436 388 1500 parole
405 1437 449 1486 nel
467 1453 490 1488 v.
511 1439 596 1488 mede·

140 1506 214 1556 simo.
247 1507 268 1555 E
296 1507 435 1572 adoperato
463 1509 544 1558 anche
569 1509 597 1556 in

141 1578 200 1636 621,
222 1594 236 1628 e
256 1577 302 1636 111,
326 1591 374 1640 199
395 1595 409 1628 e
434 1579 514 1638 Varr„
542 1581 597 1628 Sat.

141 1649 253 1712 Menip„
274 1657 325 1712 375
346 1665 360 1698 e
379 1649 455 1699 Festo
475 1663 528 1714 330
545 1665 596 1700 ecc.

177 1719 238 1768 616.
265 1720 296 1768 L'
307 1728 457 1782 argomento
487 1717 515 1771 e:
543 1737 596 1769 am·

141 1805 225 1838 messa
241 1791 267 1838 la
280 1788 429 1840 divisibilitd
447 1792 488 1840 all'
496 1791 597 1842 infinito

139 1861 221 1914 anche
246 1876 297 1910 una
325 1861 496 1926 piccolissima
524 1870 596 1928 parte

139 1928 256 1980 conterrd
276 1948 309 1980 un
330 1948 438 1982 numero
454 1932 555 1982 infinito
569 1935 594 1982 di

138 2003 223 2067 parti3
244 2018 258 2051 e
277 2002 356 2051 allora
375 2011 414 2052 tra
442 2004 461 2052 il
487 2005 595 2053 minimo

140 2089 154 2122 e
174 2072 194 2120 il
213 2074 334 2132 massimo
361 2089 414 2122 non
432 2074 457 2123 vi
478 2071 533 2124 sara
552 2071 596 2140 piir

139 2143 284 2194 disserenza.
297 2144 410 2209 Epicuro
421 2162 498 2194 aveva
511 2147 594 2196 detto:

139 2229 175 2262 un
189 2230 266 2279 corpo
281 2213 354 2263 finito
364 2230 417 2264 non
431 2212 446 2263 ὲ
459 2217 484 2264 12
496 2232 594 2266 somma

139 2285 166 2334 di
185 2301 222 2334 un
236 2301 343 2335 numero
358 2285 460 2335 infinito
473 2287 499 2336 di
513 2288 593 2352 parti:

138 2372 177 2420 pr.
196 2356 274 2419 Diog.
295 2357 333 2415 L..
363 2355 395 2415 X,
423 2357 469 2421 56:
499 2353 531 2407 οὐ
556 2355 599 2407 δεῖ

138 2424 256 2490 νομίζειν
274 2423 302 2475 ἓν
320 2431 357 2490 τῷ
376 2423 516 2492 ὡρισμένῳ
541 2425 593 2478 σώ-

136 2514 201 2561 ματι
220 2493 345 2560 ἀπείρους
363 2496 461 2562 ὄγκους
480 2495 552 2549 εἶναι.

176 2567 238 2631 617.
252 2571 346 2634 quippe
359 2570 417 2618 ubi:
429 2571 474 2619 ubi
484 2570 530 2636 qui
543 2585 595 2618 non

137 2640 166 2688 in
186 2655 262 2688 senso
280 2640 306 2688 di
321 2640 413 2704 luogo:
436 2661 447 2683 ι
463 2636 555 2712 poiche
568 2641 595 2688 in

138 2709 176 2760 tal
196 2725 280 2760 caso...
303 2729 315 2752 ι
345 2708 497 2775 (riducendo
521 2711 593 2760 adi·

139 2781 288 2850 mostpativa
310 2781 488 2846 l’espressione
510 2782 594 2831 relati·

138 2849 190 2916 va).
205 2853 226 2902 E
245 2853 341 2902 unione
355 2853 488 2918 frequente
502 2853 529 2902 in
542 2853 593 2902 Lu-

138 2923 221 2972 crezio
241 2924 288 2982 111,
307 2936 374 2986 43o;
395 2923 439 2981 IV,
459 2937 513 2986 434
531 2940 583 2976 ecc.

176 2991 237 3043 618.
255 2995 406 3060 praefiniet:
430 2995 503 3059 adop.
524 3011 591 3044 asso-

138 3065 303 3115 lutamente:
341 3081 399 3128 ogg.
440 3067 593 3127 sottinteso;

137 3143 231 3202 questa
249 3136 374 3185 divisione
393 3135 551 3208 all'ipfinito.

177 3207 238 3267 619.
258 3209 320 3256 escit
331 3227 366 3248 =
379 3209 435 3256 erit.
450 3209 471 3256 E
485 3208 594 3256 formato

137 3278 180 3328 col
191 3279 247 3328 suff.
262 3277 397 3328 incoativo.
411 3278 503 3328 Forme
515 3277 593 3327 simili

137 3346 314 3399 nelle'dodici
333 3348 424 3398 tavole.
444 3352 475 3399 V.
497 3349 594 3399 Geor-

135 3436 207 3488 ges,
229 3419 383 3483 Wortsorm.
397 3437 422 3484 p.
437 3420 497 3480 664.
511 3447 542 3454 -
553 3437 593 3468 re·

133 3507 227 3542 rum...
247 3507 373 3538 summam
393 3491 594 3554 minimamque:

134 3578 230 3611 rerum
250 3577 350 3608 summa
369 3561 526 3619 l’universo;
549 3560 594 3626 qui

134 3647 267 3700 summam
287 3632 411 3696 parrebbe
437 3632 463 3680 in
486 3647 532 3680 uso
551 3648 593 3695 ag·

651 1367 785 1431 gettivale:
807 1387 818 1411 ι
841 1368 866 1417 12
883 1364 928 1433 piir
942 1368 1037 1433 grande
1050 1385 1065 1417 e
1077 1368 1102 1417 la
1174 1408 1177 1414 ,

651 1435 695 1504 piri
715 1438 814 1502 piccola
833 1448 870 1489 tra
889 1440 913 1489 le
932 1455 990 1490 cose
1012 1457 1038 1502 »;
1061 1455 1102 1490 ma

650 1510 709 1560 vcdi
728 1526 750 1558 v.
771 1510 832 1560 621.
853 1561 857 1568 ,

686 1580 746 1629 620.
766 1581 808 1630 nil
824 1581 875 1629 erit
895 1588 926 1629 ut
949 1582 1037 1630 distet:
1066 1589 1104 1630 est

651 1657 682 1700 ut
702 1671 713 1695 e
734 1647 748 1698 ὲ
773 1651 896 1716 possibile
923 1651 970 1702 che
997 1670 1018 1701 ι.
1047 1651 1099 1700 Cir.
1171 1705 1173 1709 Α

651 1721 732 1781 Oraz.¹
755 1721 840 1772 Carm.
861 1723 908 1782 III,
931 1737 952 1781 1,
972 1737 1002 1784 9:
1030 1744 1043 1768 ι
1065 1729 1103 1772 est

650 1801 682 1842 ut
698 1795 755 1842 viro
773 1795 816 1841 vir
835 1794 914 1842 latius
928 1795 1031 1844 ordinet
1050 1796 1101 1841 Ar·

651 1865 725 1912 busta
749 1863 826 1913 sulcis
847 1882 875 1926 ις
901 1865 996 1928 Epist..
1019 1866 1038 1924 1,
1062 1877 1101 1923 12,

652 1947 681 1984 2:
713 1954 724 1977 e
746 1951 798 1982 non
819 1941 857 1984 est
874 1941 905 1984 ut
922 1935 993 1998 copia
1019 1935 1102 1984 maior

651 2007 682 2052 ab
700 2007 760 2054 Iove
779 2006 875 2054 donari
886 2005 971 2070 possit
985 2023 1007 2056 ι.
1021 2007 1051 2055 16
1064 2020 1101 2070 gr.

651 2071 718 2124 ἔστιν
736 2073 782 2133 ὅτι,
802 2072 870 2124 ἔστιν
887 2074 969 2130 ὅπως.
985 2101 1019 2112 -
1031 2077 1101 2142 fun·

651 2148 723 2195 ditus
741 2149 838 2195 onmis:
862 2147 907 2197 cfr.
927 2153 988 2196 nota
1007 2165 1021 2196 a
1039 2146 1101 2210 478.

685 2219 745 2266 621.
765 2233 879 2266 summo:
892 2214 961 2283 quie
976 2219 1100 2277 evidente,

649 2304 664 2336 a
687 2288 794 2350 cagione
822 2289 864 2336 del
891 2291 926 2338 sit
951 2289 1063 2353 infinita,
1083 2289 1102 2337 il

649 2357 792 2422 significato
811 2358 837 2406 di
856 2375 956 2407 summa
976 2360 1101 2408 «univer-

649 2444 677 2477 so
699 2442 723 2485 ·;
751 2428 769 2476 il
789 2429 930 2478 medesimo
958 2429 1102 2492 significato

649 2499 713 2548 deve
732 2514 816 2548 essere
834 2499 915 2548 anche
934 2499 977 2548 nel
995 2515 1019 2549 v.
1039 2501 1100 2561 619.

687 2569 747 2618 622.
767 2569 1050 2634 11Munr0riportaa
1075 2588 1100 2636 q.

650 2657 673 2691 v.
692 2640 790 2704 esempi
810 2639 905 2689 antichi
919 2657 933 2690 e
946 2641 1063 2692 moderni
1076 2643 1101 2690 di

650 2711 686 2760 tal
705 2711 906 2774 ragionamento.

686 2783 746 2846 623.
766 2783 930 2831 redamatu
951 2782 1025 2846 grida
1043 2799 1102 2832 con·

649 2861 688 2903 tro
709 2874 732 2905 ι.
751 2856 789 2904 La
807 2853 876 2902 ratio
898 2869 960 2902 vera
985 2849 1064 2920 equi
1083 2853 1103 2903 il

649 2927 790 2975 communis
814 2939 905 2972 sensus
930 2925 966 2988 (v.
984 2925 1057 2990 422),
1078 2925 1104 2974 12

648 2996 798 3062 percezione
817 2995 931 3044 naturale
950 2996 1008 3045 data
1025 3013 1039 3045 2
1054 2997 1102 3046 cia·

649 3083 711 3115 scun
725 3080 816 3124 uomo;
833 3067 949 3115 animum
963 3065 1037 3132 (624)
1051 3063 1065 3115 ὲ
1079 3067 1104 3116 12

649 3137 768 3200 ragione;
786 3153 835 3190 ma.
849 3137 960 3186 secondo
974 3137 992 3186 il
1002 3139 1103 3188 criterio

649 3207 768 3272 epicureo
779 3205 847 3256 della
862 3222 1027 3267 conoscenza,
1041 3223 1102 3272 que·

648 3285 687 3326 sta
705 3277 769 3326 deve
788 3277 919 3342 poggiarsi
947 3279 1013 3327 sulla
1032 3279 1101 3328 testi·

648 3349 783 3396 monianza
802 3349 828 3396 di
853 3347 942 3413 quello
967 3347 1017 3413 (vv.
1036 3362 1102 3412 423-

650 3417 711 3482 25);
740 3435 791 3478 ora,
820 3419 863 3468 nel
891 3435 950 3468 caso
968 3426 1063 3478 nostro,
1083 3420 1102 3468 ii

648 3505 723 3538 senso
742 3497 823 3540 stesso
848 3490 872 3538 ci
895 3491 951 3556 dice
979 3491 1025 3538 che
1049 3505 1101 3540 non

649 3575 712 3609 sono
731 3561 816 3624 eguali
835 3560 860 3610 le
885 3559 944 3610 cose
969 3561 1068 3625 piccole
1087 3579 1101 3611 e

648 3632 673 3682 le
692 3632 792 3694 grandi.
