2778 4286
280 277 339 338 152

613 277 643 324 T.
668 275 801 320 Lucium
824 277 897 320 CARI

274 416 372 467 cetera
394 402 539 465 consimili
562 401 647 482 fingit
669 403 784 464 ratione
810 412 964 480 putatque.

273 513 332 554 nec
353 503 454 553 tamen
477 512 541 555 esse
563 494 623 552 ulle
646 489 727 551 idem
750 503 834 570 parte
857 491 889 551 in
911 493 1001 551 rebus
1023 490 1114 552 inane

274 581 420 654 concedit,
444 601 544 658 neque
566 579 748 659 corporibus
763 583 855 640 finem
878 600 942 640 esse
966 579 1111 642 secandis

273 690 366 748 quare
388 669 419 730 in
442 681 567 749 utraque
590 669 664 730 mihi
686 668 797 748 pariter
819 668 934 730 ratione
957 669 1075 730 videtur
1169 672 1240 747 845

271 777 371 820 ‘emere
393 769 485 836 atque
506 759 557 830 illi,
582 777 669 838 supra
692 778 767 834 quos
781 756 918 818 ‹diximus
942 768 1021 820 ante.

274 849 353 908 adde
376 850 458 924 quod
480 847 618 908 inbecilla
643 847 731 908 nimis
754 846 917 926 primordia
938 847 1043 925 fingit3

276 935 301 997 si
324 935 486 1016 primordia
509 948 587 1013 sunt,
612 935 699 996 simili
722 954 798 1013 quae
821 934 955 1014 praedita
978 945 1117 997 constant

275 1201 377 1265 ignibus
397 1202 496 1265 exiguis
514 1200 683 1268 supponendo
701 1200 727 1250 la

273 1267 367 1320 cadula
384 1271 411 1319 di
427 1287 463 1320 un
477 1287 550 1320 verso
565 1271 726 1336 precedente,

274 1343 339 1392 dove
356 1343 377 1392 si
390 1342 501 1406 parlasse
515 1343 638 1392 dell'aria.
652 1343 728 1391 Trat-

275 1413 376 1462 tandosi
389 1413 415 1462 di
428 1413 504 1463 citare
518 1414 622 1478 esempl,
636 1421 728 1478 poteva

277 1484 297 1532 il
315 1490 391 1554 pocla
410 1484 563 1550 dispensarsi
581 1485 622 1532 dal
645 1484 727 1533 citarli

274 1555 385 1605 tutti.E
411 1571 469 1604 cosa
497 1571 550 1604 non
577 1555 681 1604 insolita
700 1555 728 1604 in

261 1626 405 1676 *Lucrezio
423 1625 450 1674 Si
462 1627 560 1676 vedano
571 1627 603 1675 ad
613 1626 727 1691 esempio

273 1697 283 1744 i
305 1697 373 1762 passi
401 1697 444 1746 nei
472 1697 543 1762 quali
570 1713 691 1746 enumera
718 1698 727 1746 i

275 1767 354 1816 mezzi
373 1768 420 1817 che
438 1767 524 1817 hanno
540 1768 577 1832 gli
591 1769 669 1817 atomi
683 1783 728 1833 per

276 1837 373 1902 variare
380 1839 405 1887 la
415 1839 582 1902 generazione
591 1839 659 1888 delle
669 1855 727 1888 cose

273 1906 310 1974 (v.
329 1915 390 1958 nota
408 1926 423 1957 a
443 1908 559 1975 817·819
587 1927 601 1960 e
620 1927 636 1958 a
654 1909 726 1972 828).

276 1979 332 2030 Che
347 1980 374 2028 in
393 1979 444 2044 853
464 1983 501 2030 sia
519 1987 666 2031 enumerata
682 1997 726 2029 an-

274 2051 323 2100 che
341 2050 419 2108 Paria,
436 2066 489 2100 non
502 2059 603 2100 monte:
622 2047 727 2114 giacche

273 2122 299 2170 vi
328 2137 453 2170 mancano
481 2139 496 2170 a
523 2122 578 2170 loro
606 2122 675 2171 volta
701 2123 727 2170 la

273 2198 341 2241 terra
364 2207 379 2241 e
403 2192 468 2241 l'oro
495 2208 547 2242 ecc.
576 2193 607 2243 V.
633 2199 727 2242 notaa

272 2261 325 2326 853
346 2279 360 2310 e
380 2261 441 2326 856.

309 2333 400 2396 843·4.
414 2333 469 2383 ulla
476 2341 554 2398 parte
565 2336 593 2384 in
606 2337 682 2384 rebus
691 2356 727 2377 =

178 2422 181 2430 ·
271 2403 329 2455 ulla
344 2411 422 2468 parte
440 2421 529 2454 rerum
548 2402 604 2454 ciol
626 2407 726 2456 mundi.

272 2477 434 2539 Anassagora
458 2491 511 2526 non
536 2485 689 2527 ammetteva
707 2477 726 2526 il

270 2552 358 2605 vuoto,
372 2563 414 2595 ma
430 2546 457 2596 in
475 2555 566 2612 questo
581 2563 664 2612 senso,
679 2549 726 2600 che

271 2631 325 2666 non
347 2623 500 2667 ammetteva
524 2634 576 2668 una
601 2619 724 2684 disconti7

271 2683 345 2736 nuit&
363 2687 390 2736 di
402 2689 509 2738 materia
527 2691 724 2752 nell’universo;

269 2757 406 2823 Simplicio
418 2759 450 2807 ad
459 2759 544 2820 Arist..
559 2763 636 2825 Phys.
652 2773 685 2824 37
699 2761 724 2821 b,

176 2827 178 2832 '
269 2843 287 2878 e
310 2828 343 2892 38
362 2845 390 2878 a:
420 2825 452 2878 οὗ
471 2827 628 2895 κεχώρισται
647 2826 678 2880 τὰ
696 2827 724 2880 ἓν

271 2901 310 2962 τῷ
336 2895 374 2948 ἑνὶ
401 2897 504 2964 κόσμῳ,
533 2918 548 2952 e
575 2903 608 2951 ad
638 2902 723 2962 Arist„

271 2969 350 3032 Phys.
369 2981 402 3033 33
422 2973 446 3034 b,
467 2981 500 3035 35
520 2989 551 3023 a:
577 2970 724 3023 παντάπασι

268 3033 302 3088 δὲ
320 3034 397 3093 οὐδὲν
414 3036 581 3106 ἀποκρίνεται
594 3041 656 3095 οὐδὲ
669 3043 723 3094 δια-

271 3107 387 3174 κρίνεται
406 3112 435 3160 τὸ
450 3109 538 3177 ἕτερον
550 3110 602 3165 ἀπὸ
614 3119 659 3165 τοῦ
672 3113 722 3166 ἐτέ-

267 3197 322 3246 ιρον
352 3178 421 3248 πλὴν
448 3181 531 3235 Νόου.
562 3189 724 3237 Ammetteva

271 3252 317 3318 poi
335 3253 361 3302 la
379 3253 528 3306 divisibilitl
555 3257 723 3321 all'infinil03

266 3339 287 3373 c
305 3320 361 3374 cioe
382 3326 495 3376 riteneva
519 3344 602 3393 essere
621 3345 656 3377 un
675 3344 723 3377 nu-

271 3410 343 3445 mero
370 3395 472 3446 infinito
496 3398 523 3447 ‹li
547 3399 677 3464 particelle
696 3399 724 3448 in

266 3465 391 3516 -cieseunn
402 3483 474 3520 cosa:
489 3469 515 3518 lo
528 3477 608 3520 stesso
617 3485 733 3520 numero

267 3536 343 3586 »nelle
369 3540 460 3602 grandi
479 3557 493 3590 e
512 3534 580 3590 nelle
608 3541 722 3606 piccole:

266 3606 362 3676 flimpl
381 3611 423 3659 Ad
441 3611 526 3674 Arist..
545 3613 621 3676 Phys.
641 3625 673 3678 35
694 3629 720 3664 a:

778 1197 823 1251 Ἐν
840 1203 904 1250 πᾶσι
922 1195 952 1250 δὲ
970 1195 1052 1249 πολλὰ
1078 1195 1160 1249 ἔνεστι
1188 1195 1245 1250 καῖ

781 1275 835 1321 τῶν
846 1267 1063 1334 ἀποκρινομένων
1075 1267 1118 1320 ἴσα
1130 1267 1242 1335 πλῆθος

781 1339 809 1394 ἕν
827 1347 880 1398 τοῖς
894 1339 994 1405 μὲιζοσι
1007 1359 1034 1391 ιε
1046 1338 1092 1390 καὶ
1104 1337 1239 1393 ἔλάσσοσι.

818 1414 878 1476 846.
896 1422 978 1477 supra
991 1429 1070 1476 quos:
1088 1413 1240 1463 ilMarullo

781 1502 828 1552 per
845 1487 905 1534 vira
924 1485 995 1548 quod
1001 1500 1026 1550 ¹o
1046 1500 1104 1548 quo.

818 1554 944 1622 847-850.
966 1556 990 1604 ll
1014 1562 1131 1606 conoetto
1155 1555 1182 1604 di
1200 1557 1241 1605 A·

781 1643 917 1692 nessagora
935 1643 977 1675 era
996 1633 1100 1692 questo:
1121 1626 1146 1674 la
1158 1642 1242 1690 gran-

781 1700 857 1750 dezza
875 1698 943 1746 della
962 1695 1068 1746 materia
1086 1693 1100 1745 ὲ
1119 1712 1180 1746 cosa
1197 1698 1242 1748 al·

781 1771 846 1820 fatto
864 1769 985 1819 relativa:
1015 1769 1071 1816 anzi
1094 1767 1114 1816 il
1133 1769 1242 1834 piccolo

781 1857 796 1891 e
814 1841 834 1890 il
851 1840 949 1904 grande
967 1855 1030 1888 sono
1043 1839 1241 1904 propriamente

781 1911 948 1962 convenzioni
975 1917 1076 1971 nostre;
1105 1911 1133 1959 in
1155 1909 1242 1960 realtl

782 1999 835 2033 non
855 1981 930 2032 esiste
949 1998 976 2030 se
998 1997 1051 2030 non
1076 1979 1100 2030 la
1128 1981 1241 2030 materie

781 2069 855 2104 come
874 2052 1089 2112 determinazione
1114 2051 1242 2116 specifica

781 2125 807 2174 di
836 2125 923 2190 quelle
950 2124 1009 2174 date
1032 2119 1144 2188 qualite:
1175 2123 1242 2174 vuol

781 2196 835 2245 dire
854 2196 959 2260 dunque
977 2195 1023 2244 che
1039 2195 1064 2244 le
1077 2189 1175 2258 qualite
1187 2194 1240 2245 che

781 2267 825 2316 noi
843 2267 961 2316 vediamo
980 2281 1064 2314 essere
1082 2265 1193 2314 inerenti
1211 2265 1239 2314 ai

780 2338 852 2403 corpi
871 2337 930 2386 dell'
941 2337 1068 2398 universo,
1091 2336 1240 2386 sussistono

780 2425 844 2474 pure
868 2408 937 2457 nelle
964 2405 1095 2472 particelle
1123 2405 1241 2457 infinita-

781 2485 868 2529 mente
896 2479 996 2544 piccole
1022 2478 1049 2526 di
1076 2477 1126 2528 essi
1154 2477 1240 2543 corpi-

782 2549 834 2600 Ora
854 2549 873 2598 il
898 2550 1091 2613 regionamento
1116 2549 1164 2598 che
1189 2550 1240 2613 qui

780 2636 884 2686 oppone
913 2620 1035 2670 Lucrezio
1054 2616 1068 2668 ὲ
1087 2619 1170 2668 molto
1188 2619 1239 2670 de·

779 2692 847 2741 bole.
866 2693 917 2740 Voi
935 2693 1073 2754 affirmate,
1094 2689 1146 2754 egli
1165 2690 1235 2750 dice,

779 2763 826 2811 che
845 2763 854 2811 i
872 2763 983 2828 principi
1002 2760 1151 2812 elementari
1164 2761 1238 2811 della

778 2834 884 2882 materia
902 2834 989 2882 hanno
1003 2833 1028 2882 le
1040 2839 1119 2882 stesse
1134 2830 1239 2896 qualit&

777 2904 820 2954 dei
838 2905 909 2970 corpi
928 2905 974 2953 che
991 2920 1024 2954 ne
1040 2903 1177 2953 risultano:
1191 2919 1238 2952 ma

778 2975 888 3026 siccome
907 2975 991 3040 questi
1010 2975 1082 3040 corpi
1094 2974 1139 3024 noi
1155 2973 1176 3022 li
1189 2990 1238 3024 ve·

778 3046 863 3095 diemo
873 3047 963 3112 perire,
977 3046 1135 3095 dovrebbero
1149 3045 1238 3110 perite

777 3117 858 3166 anche
868 3117 957 3182 quelli.
968 3118 1131 3180 Anessagora
1143 3115 1236 3166 avreb·

777 3183 811 3237 be
831 3189 940 3254 risposto
958 3188 985 3236 in
999 3188 1113 3238 maniera
1125 3187 1175 3237 che
1188 3203 1237 3236 an·

777 3259 825 3310 che
844 3275 880 3308 un
899 3259 1018 3324 epicureo
1037 3265 1129 3323 poteva
1152 3264 1237 3307 sotto-

777 3331 895 3381 scrivere:
913 3329 974 3394 quel
986 3330 1033 3378 che
1044 3325 1166 3394 periscee
1181 3344 1237 3379 una

778 3401 932 3466 compagine
960 3401 987 3450 di
1015 3401 1120 3450 materia
1144 3400 1192 3448 che
1210 3399 1238 3449 si

778 3469 845 3520 disse
863 3472 907 3521 nei
923 3473 980 3521 suoi
993 3471 1130 3521 elementi:
1152 3487 1195 3520 ma
1207 3469 1239 3520 la

779 3543 885 3592 materia
921 3550 1000 3592 stesso
1037 3559 1089 3592 non
1122 3541 1236 3607 perisce.

779 3612 869 3680 Simpl.
889 3613 916 3662 in
934 3613 1021 3676 Arist.,
1040 3613 1120 3678 Phys.
1141 3625 1177 3676 34
1194 3613 1235 3662 b:
