2756 4294
320 315 359 370 86
650 327 682 371 r.
705 325 839 370 nucsmu
862 325 946 370 cuno

318 450 342 510 si
365 449 422 512 cita
445 449 598 526 dissiliant,
623 471 732 529 nempe
755 460 805 512 aer
828 471 919 512 omne
941 459 1098 523 necessest,

1214 453 1277 528 385

318 539 395 600 inter
418 560 543 618 corpora
565 542 647 618 quod
669 543 729 615 fiat,
753 539 887 618 possidat
909 540 1015 601 inane:

317 629 341 688 is
364 649 454 706 porro
477 629 612 706 quamvis
634 629 744 691 circum
769 628 967 690 celerantibus
990 627 1068 690 auris

316 721 447 779 confluat
469 720 548 778 haud
573 719 683 798 poterit
706 729 807 779 tamen
830 739 891 780 uno
913 729 1048 796 tempore
1070 727 1169 776 totum

317 806 459 886 compleri
482 807 634 886 spatium:
672 829 742 868 nam
766 807 895 908 primum
919 825 1070 885 quemque
1093 818 1246 868 necessest

317 907 444 976 occupet
465 895 516 956 ille
539 899 648 971 Iocum,
674 897 784 958 deinde
806 896 909 958 omnia
930 895 1148 976 possideantur.
1215 918 1280 975 390

316 987 400 1062 quod
423 987 448 1046 si
471 988 548 1047 sorte
570 985 686 1064 aliquis,
712 1005 780 1048 cum
804 1005 931 1064 corpora
953 983 1118 1058 dissiluere,

316 1085 381 1134 tum
404 1085 489 1154 putat
511 1075 542 1134 id
565 1075 629 1136 fieri
651 1075 721 1154 quia
743 1095 775 1136 se
798 1076 981 1136 condenseat
1004 1081 1063 1147 ae'r,

316 1175 414 1225 errat:
453 1183 524 1224 nam
546 1183 674 1226 vacuum
697 1175 762 1225 tum
784 1166 817 1224 fit
840 1165 924 1241 quod
947 1184 1009 1224 non
1033 1161 1090 1223 fuit
1113 1174 1192 1236 ante,

317 1262 347 1312 et
369 1253 501 1331 repletur
523 1252 593 1314 item
617 1271 744 1314 vacuum
768 1254 851 1331 quod
874 1253 1007 1315 constitit
1030 1261 1109 1327 ante,

316 1361 374 1402 nec
396 1341 448 1402 tali
470 1341 586 1403 ratione
609 1353 708 1421 potest
731 1341 883 1402 denserier
906 1352 965 1418 aer,

316 1449 381 1504 nec,
407 1430 431 1490 si
454 1429 512 1492 iam
536 1442 645 1510 posset,
671 1430 734 1491 sine
756 1429 838 1491 Inani
861 1443 972 1511 posset,
998 1431 1115 1510 opinor,

317 1517 435 1597 ipsein
458 1539 489 1580 se
512 1523 629 1582 trahere
652 1531 682 1581 et
704 1519 797 1599 partis
821 1523 991 1583 conducere
1014 1521 1045 1582 in
1069 1539 1174 1581 unum.

318 1749 484 1816 gionamento
504 1753 614 1819 procede
639 1753 684 1817 qui
703 1751 769 1800 ordi·

317 1828 378 1870 nato
396 1839 411 1872 e
429 1832 538 1885 serrat0;
564 1820 597 1872 ne
622 1838 651 1872 so
669 1823 770 1872 vedervi

315 1893 340 1941 la
356 1893 507 1946 confusione
520 1912 534 1946 e
549 1895 568 1944 iI
581 1894 710 1944 disordine
724 1894 770 1943 che

317 1965 344 2019 vi
359 1979 484 2027 scorgono
503 1967 512 2014 i
531 1966 620 2015 critici.

352 2033 411 2097 386.
431 2037 566 2100 possidat:
590 2057 602 2080 ι
624 2036 715 2101 occupi
736 2054 765 2098 ις

317 2111 385 2155 sotto
403 2103 465 2171 perd
484 2108 508 2156 al
520 2123 544 2156 v.
558 2121 610 2172 390
619 2108 769 2171 possidean-

317 2184 370 2226 tur.
381 2177 471 2228 Presso
484 2177 512 2229 C.
526 2177 578 2245 (De
594 2180 676 2238 Orat,
690 2190 713 2236 2,
729 2187 770 2239 70,

318 2245 382 2310 283;
403 2248 475 2299 Verr.
488 2263 511 2311 2,
525 2265 549 2315 3,
564 2249 605 2309 68.
620 2247 681 2313 158;
695 2248 770 2298 Mur.

322 2317 360 2380 16.
386 2317 432 2383 34)
455 2324 560 2387 posside
583 2318 598 2370 ὲ
625 2340 636 2364 ι
662 2335 770 2387 occupa-

317 2405 343 2438 re
375 2409 387 2432 ι
419 2407 461 2442 ma
490 2410 542 2444 non
571 2392 614 2444 nel
641 2407 717 2441 senso
745 2391 772 2440 di

318 2479 330 2503 c
353 2460 473 2528 riempIre
493 2483 515 2526 ι,
534 2464 608 2516 bensi
634 2463 661 2512 in
685 2461 771 2527 queIIo

318 2531 344 2580 di
364 2551 376 2576 ι
397 2533 577 2601 impadronirsi
599 2554 620 2586 ι,
646 2533 771 2584 Cicerone

277 2643 280 2648 .
317 2609 396 2652 stesso
416 2607 527 2673 adopera
545 2609 554 2658 i
572 2607 623 2656 due
641 2605 714 2654 verbi
732 2604 770 2652 in·

317 2681 457 2728 tetamento
476 2694 550 2730 come
568 2675 705 2733 sinonimi;
725 2675 769 2724 cfr.

318 2745 358 2807 Da
379 2746 461 2811 Orat„
479 2762 503 2810 2,
524 2761 565 2813 70,
586 2747 637 2813 283
653 2761 702 2795 con
716 2747 771 2794 Pro

320 2817 408 2876 Quint.
428 2820 452 2880 6,
476 2831 518 2885 25.

354 2885 413 2951 389.
423 2893 540 2955 primum
555 2907 692 2955 quemque:
707 2905 770 2941 corr.

317 2957 401 3075 angios
419 2977 465 3026 per
479 2964 597 3027 primum
610 2961 717 3026 quisque
730 2963 771 3013 dei

318 3032 409 3082 coici.

358 3113 484 3167 391-397.
517 3105 621 3154 Furono
649 3103 772 3168 giudicati

318 3177 361 3227 dal
379 3177 425 3225 Po
434 3176 484 3225 Ile
503 3173 672 3242 (Philologus,
689 3171 771 3236 XXV,

319 3246 383 3311 aqo)
393 3261 429 3295 un
441 3246 526 3312 primo
540 3247 658 3307 abbozzo‚
673 3247 720 3298 che
733 3263 772 3296 sa-

318 3319 397 3369 rebbe
416 3325 481 3367 stato
500 3317 545 3384 poi
563 3314 609 3383 piir
634 3318 700 3367 tardi
725 3319 772 3368 eli·

318 3390 423 3440 minato.
453 3387 506 3439 Cir.
531 3385 593 3454 perd
617 3388 772 3439 Stueren-

318 3463 359 3510 bu
367 3477 408 3525 rg,
422 3461 450 3510 in
461 3462 527 3509 Acta
538 3459 670 3510 societatis
684 3460 772 3510 Philo·

317 3533 389 3598 logoc
407 3531 560 3597 Lepsiensis,
578 3530 652 3595 1874,
672 3549 696 3596 p.
712 3544 772 3596 392.

318 3604 341 3652 Il
353 3605 503 3667 Bernays,
517 3603 646 3661 Abhondl,
658 3605 690 3662 ΙΙ,
701 3619 727 3668 p.
738 3615 772 3666 42

319 3681 460 3724 rammenta
478 3673 497 3723 il
516 3673 634 3738 pensiero
662 3674 688 3722 di
716 3674 771 3724 Ari·

1217 1359 1279 1418 395

826 1754 916 1804 stoteIe
935 1753 982 1802 che
1002 1753 1104 1816 quando
1131 1752 1243 1816 l’acqua
1262 1753 1282 1800 si

825 1826 954 1875 condensa
972 1823 1044 1872 I'aria
1063 1824 1111 1872 che
1129 1818 1169 1870 v’e
1190 1821 1283 1872 dentro

825 1911 920 1962 scappa
938 1893 1087 1962 via·(Pl1ys.
1100 1893 1146 1952 IV,
1165 1892 1190 1952 6,
1205 1892 1281 1954 214ῑ),

826 1966 880 2031 32).

862 2051 922 2102 392.
943 2045 1024 2087 tum...
1044 2037 1075 2085 id
1088 2037 1161 2096 fieri:
1187 2033 1246 2085 cioe
1265 2037 1283 2084 iI

826 2111 890 2158 fatto
909 2109 956 2160 che
975 2107 1046 2158 I'aria
1064 2109 1085 2157 si
1105 2108 1169 2156 trovi
1189 2107 1223 2156 ad
1241 2123 1281 2156 oc·

826 2197 920 2246 cupare
939 2185 1005 2229 tutto
1019 2179 1045 2228 lo
1058 2179 1144 2244 spazio
1156 2179 1281 2229 interme-

825 2253 876 2314 dio,
897 2259 934 2300 tra
950 2251 959 2298 i
972 2250 1022 2300 due
1041 2250 1122 2316 piant.
1136 2275 1169 2284 -
1184 2266 1209 2299 sc
1224 2267 1282 2299 con·

826 2325 946 2388 demeat:
967 2341 979 2365 ι
1000 2323 1038 2371 sia
1056 2321 1241 2372 condensabile
1254 2336 1281 2377 »ς

826 2411 841 2444 e
859 2390 922 2452 eice,
942 2393 985 2442 dal
1004 2400 1136 2443 momento
1157 2393 1185 2442 in
1211 2394 1282 2442 cuii

825 2465 900 2530 piatti
918 2464 939 2512 si
958 2465 1132 2524 allontanano,
1152 2480 1229 2529 possa
1243 2480 1282 2513 ra·

825 2535 922 2585 refarsi.
943 2535 965 2584 u
983 2535 1148 2586 Susemihi
1174 2533 1282 2600 (philol.

825 2605 925 2669 XXIII,
944 2623 969 2672 p.
989 2605 1057 2671 468)
1076 2605 1195 2656 indicava
1213 2605 1283 2671 dopo

825 2685 916 2744 questo
935 2693 1008 2728 verso
1027 2694 1078 2727 una
1097 2677 1198 2728 lacuna.

862 2763 922 2814 394.
942 2750 1058 2814 repletur
1076 2750 1154 2798 item-r
1173 2747 1234 2798 neII'
1245 2747 1284 2796 al·

826 2821 966 2870 lontanarsi
983 2820 1025 2870 dei
1043 2819 1095 2870 due
1108 2819 1184 2884 piasti
1197 2819 1219 2868 si
1231 2818 1284 2868 Ior-

826 2909 867 2942 ma
886 2892 906 2940 il
924 2898 1010 2954 vuoto,
1030 2891 1143 2942 secondo
1158 2889 1283 2939 Lucretio

825 2962 861 3029 (v.
877 2978 951 3013 verso
965 2959 1146 3029 precedente);
1166 2977 1208 3010 ma
1220 2975 1284 3026 que·

826 3042 865 3084 sto
883 3042 962 3084 vuoto
980 3040 1060 3084 stesso
1073 3034 1116 3098 poi
1129 3033 1152 3082 si
1166 3032 1284 3096 riempie.

861 3114 922 3170 395.
933 3106 1078 3154 denserier:
1089 3103 1164 3154 codd.
1175 3103 1286 3152 conden-

826 3178 914 3226 serier.
928 3177 966 3226 La
979 3176 1162 3226 emendatione
1178 3173 1206 3224 Iu
1219 3172 1285 3224 satta

826 3248 869 3298 dal
881 3254 1019 3298 correctore
1032 3246 1237 3311 delI'Oblongus.
1249 3271 1286 3280 -

826 3319 876 3370 tali
901 3321 1057 3368 ratione:
1075 3325 1107 3366 ut
1128 3317 1172 3366 illi
1197 3316 1286 3365 existi-

826 3397 921 3448 mant,·
956 3389 1001 3438 cir.
1038 3387 1286 3452 Stuerenburg¹

828 3463 884 3511 Act.
904 3461 986 3524 Ldos..
1006 3461 1039 3520 ΙΙ,
1060 3472 1120 3525 392.

863 3542 923 3597 397.
943 3532 1046 3580 trahere
1065 3551 1100 3571 =
1119 3547 1144 3580 se
1163 3529 1288 3588 trahere,-

827 3617 874 3653 uso
894 3602 1016 3653 riflessivo
1035 3602 1078 3653 del
1096 3602 1176 3652 verbo
1195 3601 1287 3650 transi-

828 3674 887 3723 tivo.
902 3673 960 3723 Pari
976 3689 1023 3724 uso
1033 3669 1047 3722 ὲ
1059 3689 1149 3739 presso
1162 3672 1288 3724 Lucrezio
