2756 4294
450 317 493 370 αα·
514 329 622 378 nuuuu
646 329 786 372 urruns.
1056 332 1093 389 9¹

139 460 294 529 praeterea
317 451 359 512 nil
384 463 428 514 est
450 455 532 532 quod
556 455 651 532 possis
673 454 773 516 dicere
800 457 838 516 ab
860 453 944 515 omni
1036 472 1098 526 430

137 560 265 618 corpore
288 540 454 604 seiunctum
478 555 683 622 secretumque
707 563 771 606 esse
794 547 833 606 ab
856 542 946 615 inani,

136 631 220 708 quod
243 630 328 707 quasi
349 630 436 692 tertia
459 632 497 692 sit
521 653 647 694 numero
669 645 776 694 natura
797 644 924 712 reperta.

136 738 207 778 nam
231 721 445 798 quodcumque
469 721 532 795 erit,
554 742 618 784 esse
640 723 754 800 aliquid
777 722 901 783 debebit
922 720 955 780 id
977 719 1085 798 ipsum,

136 807 186 868 cui
208 807 234 868 si
259 817 356 869 tactus
380 810 435 871 erit
458 811 593 888 quamvis
615 813 689 872 levis
711 811 905 890 exiguusque,

1035 825 1096 885 435

135 896 277 976 augmine
301 901 348 958 vel
370 900 478 978 grandi
501 903 547 962 vei
572 921 664 979 parvo
689 901 828 978 denique,
853 901 926 960 dum
950 899 1008 974 sit;
1034 917 1097 975 434

173 1123 266 1175 43o·9.
285 1111 319 1161 Al
338 1113 366 1163 di
385 1113 453 1162 fuori
471 1114 498 1162 di
515 1121 593 1163 ναοῖο

138 1199 153 1232 e
173 1183 280 1232 materia
297 1199 350 1232 non
369 1180 417 1232 v'e
441 1184 513 1234 altro.
533 1185 593 1234 Non

136 1249 187 1301 v'e
211 1254 237 1302 al
261 1255 358 1304 mondo
383 1271 434 1304 uua
460 1261 526 1306 terzo
548 1272 592 1305 na·

139 1333 204 1375 tura.
223 1325 306 1374 Tutto
324 1322 364 1375 cio
386 1328 433 1376 che
453 1323 468 1375 ὲ
486 1343 502 1376 o
521 1325 594 1392 potra

139 1411 225 1446 essere
250 1403 350 1446 toccato
369 1414 383 1447 e
402 1394 457 1447 sard
479 1399 592 1457 materia,

137 1482 153 1515 o
177 1482 231 1516 non
253 1466 326 1532 potra
346 1485 436 1533 essere,
462 1465 518 1517 cioe
541 1485 594 1518 non

137 1535 213 1603 potrir
232 1539 283 1587 mai
302 1546 386 1589 urtare
409 1547 498 1590 contro
518 1541 593 1590 alcun

138 1623 226 1674 corpo,
247 1625 262 1658 e
280 1607 335 1659 sard
354 1617 440 1661 vuoto.
459 1609 512 1660 cfr.
531 1612 592 1676 Epi·

139 1695 202 1728 curo
221 1695 308 1745 presso
326 1682 403 1746 Diog.
423 1681 469 1732 lib.
489 1682 520 1742 X,
540 1695 592 1744 40:

136 1745 211 1816 παρὰ
236 1746 266 1800 δὲ
290 1755 370 1802 ταῦτα
400 1749 524 1818 [σώματα
548 1749 593 1802 καὶ

137 1819 232 1888 κενόν]
251 1818 333 1873 οὐθὲν
344 1820 405 1873 οὔτε
423 1820 593 1889 ἐπινοηθῆναι

138 1889 255 1952 δύναται,
274 1890 335 1944 οὔτε
351 1894 516 1960 περιληπτῶς
535 1892 594 1944 οὔτε

137 1959 275 2029 ἀναλόγως
293 1969 348 2020 τοϊς
360 1963 534 2032 περιληπτοῖς,
556 1962 594 2022 ὡς

138 2031 206 2086 καθ’
219 2031 281 2091 ὅλας
294 2034 386 2100 φύσεις
401 2034 592 2103 λαμβανόμενα.

139 2107 178 2155 La
196 2106 350 2158 definizione
368 2109 411 2159 del
429 2124 507 2176 corpo
521 2125 594 2159 come

137 2179 170 2226 id
179 2179 223 2228 cui
234 2185 319 2228 tactus
337 2189 375 2230 est
392 2195 435 2230 era
447 2181 595 2230 conosciuta

137 2249 222 2298 anche
240 2249 273 2298 da
284 2251 435 2312 Aristotele;
455 2252 501 2301 cir.
516 2253 593 2315 Phys⁴

138 2321 183 2378 tv,
212 2329 227 2382 7
253 2323 332 2383 σῶμα
364 2318 394 2371 δὲ
418 2319 496 2372 πάλιν
526 2320 594 2372 ἅπαν

138 2388 237 2440 οἴονται
267 2387 332 2442 εἶναι
362 2390 451 2444 ἁπτόν.
482 2394 594 2458 Epicuro

139 2468 220 2512 stesso
250 2460 300 2528 (pr.
330 2464 407 2530 Diog.
438 2465 468 2516 L.
491 2465 524 2526 Χ,
548 2462 594 2529 4ο)

140 2531 253 2583 definiva
271 2534 290 2582 il
308 2543 387 2584 vuoto
399 2551 471 2586 come
490 2531 594 2600 ἀναφὴς

141 2600 222 2666 φύσις
239 2626 276 2647 --
293 2606 418 2656 intactilr'r
433 2615 545 2664 natura‚·
563 2607 596 2656 ed

138 2675 159 2724 il
174 2689 253 2742 corpo
272 2692 345 2727 come
363 2679 395 2726 id
410 2679 482 2742 quod
497 2679 594 2728 obstat:

138 2746 267 2806 Plutarco,
287 2749 346 2796 adv.
372 2748 425 2798 Col.
447 2749 525 2798 XVI:
553 2764 595 2798 σο-

138 2813 262 2882 φώτερος
287 2815 317 2868 δὲ
341 2821 388 2869 τοῦ
415 2815 559 2875 Πλάτωνος
581 2817 597 2868 ὁ

135 2885 304 2953 Ἐπίκουρος,
340 2885 357 2955 ᾔ
385 2888 469 2940 πάντα
496 2888 596 2955 ὁμοίως

139 2957 203 3010 ὄντα
217 2958 443 3025 προσαγορεύεται,
456 2959 485 3011 τὸ
496 2957 595 3028 ἀναφὲς

140 3027 228 3092 κενὸν,
250 3028 279 3081 τὸ
297 3029 447 3097 ἀντερεῖδον
464 3036 550 3098 σῶμα.

177 3116 239 3168 431.
272 3104 424 3164 seiunctum,
462 3112 594 3164 secretum,

143 3174 189 3240 qui
220 3175 349 3224 sinonimi.
382 3177 531 3226 Seiunctum
565 3179 596 3226 ab

143 3246 216 3294 onena*
233 3253 356 3310 corpore:
374 3247 543 3298 interamente
556 3249 595 3298 in·

140 3331 273 3382 corporeo.
311 3317 447 3379 L'animo,
477 3318 515 3383 gli
546 3319 596 3380 dei,

142 3403 208 3436 sono
233 3388 391 3439 so'ttilissime
416 3390 529 3448 materie,
556 3407 598 3439 ma

141 3474 191 3523 pur
209 3474 311 3524 sempre
330 3461 444 3511 materie.

178 3542 239 3593 432.
259 3531 318 3582 sit...
341 3539 461 3596 reperta:
486 3533 530 3583 nel
548 3532 597 3582 lin-

144 3601 257 3665 guaggio
277 3602 420 3653 lucreziano
437 3603 555 3669 equivale
573 3603 597 3653 al

142 3672 268 3738 semplice
288 3675 329 3723 sit.

683 1127 744 1179 433.
758 1131 810 1165 esse
822 1114 925 1179 aliquid
940 1127 1005 1164 ecc.:
1027 1133 1038 1158 ι
1054 1113 1099 1161 do·

647 1183 691 1236 vra
710 1203 793 1238 essere
812 1185 921 1252 qualche
938 1200 997 1234 cosa
1015 1183 1100 1250 perse

648 1265 729 1308 stesso
756 1277 777 1316 r,
803 1253 859 1306 cioe
886 1276 897 1298 e
923 1254 1001 1306 dovrd
1026 1271 1101 1306 avere

648 1345 699 1378 una
718 1329 821 1395 propria
840 1333 930 1376 natura
950 1345 972 1377 ι.

683 1410 774 1464 434-5.
794 1398 868 1448 Circa
886 1398 902 1445 l'
910 1397 1055 1448 inversione
1074 1397 1101 1446 di

648 1473 738 1521 ordine
757 1471 784 1518 in
803 1469 888 1535 questi
900 1468 950 1519 due
963 1469 1036 1528 versi,
1056 1485 1101 1518 ne·

648 1543 756 1593 cessaria
781 1536 874 1606 perche
898 1541 948 1590 essi
970 1541 1047 1590 dieno
1065 1555 1101 1589 un

648 1629 723 1664 senso
741 1611 900 1671 accettabile,
923 1611 995 1661 nulla
1013 1611 1047 1660 ho
1068 1611 1101 1659 da

648 1685 805 1748 aggiungere
818 1682 867 1732 alle
881 1682 980 1746 ragioni
999 1688 1100 1747 esposte

648 1757 690 1804 dal
710 1753 838 1812 Giussani‚
858 1769 916 1818 aq.
936 1753 953 1802 l.

683 1838 745 1892 435.
765 1825 899 1890 quamvis:
923 1844 934 1868 ι
956 1841 1002 1890 per
1020 1839 1101 1889 quan·

648 1906 675 1947 to
696 1918 718 1960 τ,
738 1895 770 1946 dir
788 1895 874 1944 valore
892 1895 1047 1960 superlativo
1065 1894 1100 1943 al-

648 1969 665 2018 l'
677 1969 807 2034 aggettivo
826 1967 874 2017 che
892 1981 979 2030 segue.
999 1968 1010 2014 I
1030 1966 1101 2031 corpi

648 2042 696 2091 che
709 2041 794 2089 hanno
807 2054 859 2087 una
872 2034 971 2088 densita
988 2037 1101 2095 minima,

649 2127 722 2162 come
740 2109 757 2158 i'
769 2109 828 2168 aria,
842 2110 928 2158 hanno
941 2125 1018 2160 meno
1031 2107 1101 2173 degli

648 2183 706 2232 altri
731 2182 757 2230 la
778 2177 908 2246 proprietd
932 2180 972 2230 dei
999 2188 1102 2230 tactus:

649 2255 680 2305 ed
703 2251 717 2302 ὲ
740 2253 773 2302 da
798 2251 931 2302 intendere
952 2259 1037 2301 tactus
1059 2251 1102 2301 nel

648 2322 792 2389 significato
809 2324 918 2393 passivo,
932 2319 987 2372 cioe
1001 2322 1042 2372 del
1055 2338 1100 2387 po·

649 2403 702 2445 tere
721 2410 804 2445 essere
825 2394 916 2442 toccati
939 2409 955 2442 o
974 2393 1051 2444 urtati
1069 2393 1102 2442 da

649 2466 714 2516 altro
733 2479 820 2529 corpo.

685 2549 746 2600 434.
760 2535 879 2599 augmine
890 2535 934 2583 vel
944 2536 1046 2600 grandi
1062 2534 1105 2584 vel

646 2617 749 2674 parvo.-
770 2607 798 2655 in
816 2607 849 2665 11,
871 2604 925 2668 482
953 2626 965 2650 ι
987 2606 1103 2670 corporis

649 2686 729 2729 auctu
752 2692 776 2736 ις
799 2692 842 2726 ma
859 2679 974 2740 corporis
992 2691 1102 2742 augrnen

649 2746 664 2802 ὲ
688 2751 715 2800 in
738 2751 773 2810 11,
798 2756 868 2812 495;
892 2748 939 2808 ΙΙΙ,
967 2745 1027 2796 268.
1052 2745 1103 2795 Nel

650 2829 737 2872 nostro
749 2835 825 2887 passo
837 2819 960 2868 Lucterio
973 2817 1034 2868 vuol
1047 2817 1101 2867 dire

650 2894 677 2942 in
698 2900 829 2943 sostanza:
857 2909 870 2934 ι
891 2891 988 2954 grande
1010 2905 1026 2938 ο
1048 2889 1101 2954 pic·

649 2964 707 3013 colo
726 2965 772 3013 che
791 2961 874 3012 risulti
893 2977 975 3012 essere
991 2981 1012 3011 ι.
1031 2961 1055 3012 ΙΙ
1070 2960 1103 3010 si·

650 3033 771 3100 gnificato
798 3033 825 3082 di
852 3049 962 3099 augmen
987 3033 1103 3097 corporis

649 3121 738 3172 presso
767 3105 842 3156 Lucr.
873 3105 895 3153 si
927 3104 1034 3155 desume
1060 3102 1102 3152 dal

650 3192 725 3243 passo
743 3177 790 3241 111,
811 3174 901 3226 266·8.
921 3173 1044 3225 Lucrerio
1062 3173 1102 3222 in·

650 3249 707 3298 dica
734 3263 783 3296 con
812 3263 868 3297 esso
896 3263 931 3296 un
959 3244 1103 3310 complesse

651 3334 780 3384 corporeo,
801 3318 962 3368 considerato
981 3332 1053 3366 come
1072 3330 1102 3363 u·

650 3388 704 3440 nita
723 3389 860 3440 materiale.
885 3388 973 3440 Insatti
993 3387 1027 3436 ivi
1046 3387 1103 3436 dice

651 3462 669 3510 il
696 3468 773 3526 poeta
804 3459 851 3510 che
878 3460 906 3508 in
934 3458 1104 3524 qualsivogiia

650 3533 746 3582 viscere
765 3530 875 3581 animale
897 3530 918 3579 si
940 3537 1010 3578 trova
1031 3531 1102 3588 odor,

651 3604 729 3661 ⁸calor,
749 3611 827 3668 sapor
837 3619 849 3660 ,⁴
871 3616 967 3668 eppure
986 3601 1019 3650 da
1038 3607 1104 3651 tutte

651 3681 740 3740 queste
759 3689 817 3724 cose
836 3672 925 3724 risuita
938 3689 1025 3736 ,unum
1040 3679 1102 3738 per-
