2756 4294
437 296 480 340 DE
502 296 613 340 RERUM
634 296 774 344 nume.

126 435 161 486 ut
182 423 284 504 potius
307 422 407 484 multis
430 421 603 484 communia
626 442 751 502 corpora
772 425 862 484 rebus

127 515 222 576 multa
245 523 333 592 putes
356 532 429 586 esse,
455 523 489 573 ut
511 511 611 572 verbis
634 515 783 572 elementa
805 511 949 588 videmus,

127 621 218 681 quam
242 602 306 664 sine
329 600 482 680 principiis
505 602 597 664 ullam
619 620 683 662 rem
707 599 832 662 existere
856 621 954 681 posse.

127 691 260 769 denique
284 711 336 752 cur
358 690 497 751 homines
520 700 620 752 tantos
642 701 748 751 natura
769 711 873 770 parare

126 801 189 842 non
213 780 321 860 potuit,
338 780 467 860 pedibus
490 777 542 857 qui
560 790 687 860 pontum
710 799 764 858 per
778 781 856 840 vada
878 791 1000 858 possent
1025 801 1087 842 aoo

128 869 253 930 transire
277 880 307 930 et
329 889 454 947 magnos
471 869 611 930 manibus
634 868 777 929 divellere
800 869 910 931 montis

127 961 282 1036 multaque
305 958 435 1020 vivendo
458 957 560 1018 vitalia
581 957 701 1019 vincere
725 960 832 1033 saecla,

130 1047 249 1124 sinon,
272 1047 410 1108 materies
433 1046 503 1125 quia
518 1051 609 1108 rebus
632 1047 751 1108 reddita
773 1057 882 1110 certast

127 1136 299 1216 gignundis,
325 1157 342 1198 e
366 1156 426 1214 qua
448 1147 566 1198 constat
588 1136 663 1214 quid
686 1135 781 1216 possit
805 1136 898 1198 oriri?

127 1225 172 1286 nil
194 1225 283 1305 igitur
306 1225 369 1286 fieri
392 1227 431 1288 de
453 1223 516 1286 nilo
538 1245 629 1305 posse
652 1227 854 1301 fatendumst,

1027 1240 1087 1306 205
1133 1218 1134 1228 ¹

127 1315 243 1377 semine
266 1315 387 1394 quando
414 1333 492 1393 opus
517 1325 562 1376 est
593 1316 692 1390 rebus,
716 1334 777 1394 quo
807 1334 944 1394 quaeque
973 1327 1090 1378 creatae

127 1581 247 1641 dottrina,
261 1583 406 1646 precisione
424 1581 579 1642 scientifice3

128 1654 186 1704 anzi
206 1669 280 1704 cozza
299 1669 349 1704 con
367 1654 393 1704 la
415 1653 581 1704 conclusione

128 1726 171 1776 del
192 1743 215 1775 v.
238 1737 295 1790 191.

165 1809 225 1846 200.
246 1803 296 1858 per
319 1797 405 1846 vada:
433 1812 479 1862 per
503 1797 581 1847 cotali

128 1869 230 1934 giganti
243 1869 325 1918 anche
338 1867 463 1918 l'Oceano
475 1869 582 1919 sarebbe

129 1940 191 1990 facil
210 1939 305 2004 guado.

165 2023 227 2065 202.
254 2011 371 2063 vitalia...
399 2011 499 2060 saecla:
529 2026 583 2061 non

130 2101 142 2126 ι
164 2083 244 2132 secoli
265 2083 292 2132 di
310 2084 362 2132 vita
383 2099 405 2142 ι,
424 2080 498 2132 bensi
517 2089 582 2132 tutto

128 2156 148 2205 il
158 2169 232 2203 corso
240 2154 308 2203 della
318 2155 370 2203 vita
379 2170 481 2203 umana.
492 2154 582 2204 Presso

127 2225 254 2278 Lucrezio
273 2225 383 2274 saeclum
402 2222 416 2274 ὲ
442 2226 582 2290 adoperato

128 2298 204 2364 quasi
223 2313 323 2362 sempre
337 2297 364 2346 in
376 2313 451 2347 senso
462 2304 582 2346 concreto

128 2385 175 2435 per
196 2387 208 2410 e
225 2368 389 2433 generazioni
408 2368 434 2417 di
448 2367 554 2417 animali
567 2384 583 2417 ο

128 2441 156 2490 di
180 2438 280 2489 uomini
301 2454 330 2498 »3
355 2441 399 2505 qui
425 2440 514 2488 invece
538 2455 584 2504 per

131 2531 143 2555 c
166 2512 256 2562 durata
275 2510 343 2560 della
362 2511 418 2560 loro
437 2511 490 2560 vita
502 2527 524 2560 ι.
544 2511 583 2560 Lo

127 2591 211 2634 stesso
229 2581 374 2647 significato
387 2581 421 2631 ha
434 2583 461 2632 in
474 2581 521 2642 111,
531 2580 583 2646 948

130 2675 143 2699 ι
159 2654 248 2702 omnia
260 2655 285 2702 si
290 2661 386 2717 pergas
402 2654 509 2703 vivendo
527 2653 584 2701 vin-

126 2739 185 2776 cere
211 2725 293 2774 saecla
314 2742 326 2766 ι
356 2741 370 2774 e
398 2738 466 2791 1090
495 2744 507 2768 ‹
528 2723 586 2772 licet

125 2797 232 2862 quotvis
237 2796 346 2845 vt'rrende
355 2797 461 2844 condere
466 2795 549 2844 saecla
563 2815 583 2844 ι.

126 2870 192 2920 Νοιι
211 2865 226 2918 ὲ
246 2869 278 2916 da
290 2869 436 2934 pensareal
449 2883 523 2916 senso
534 2875 583 2918 teo-

127 2941 191 2990 nico
203 2939 229 2988 di
242 2939 379 2998 saeculum,
390 2955 463 3009 come
478 2939 585 2989 modulo

127 3013 157 3062 di
171 3016 249 3060 cento
262 3027 278 3059 o
292 3011 436 3061 centodieci
450 3010 519 3060 anni.
533 3012 585 3060 Lu·

128 3084 214 3134 crezio
234 3083 337 3132 traduce
355 3098 405 3132 con
430 3083 540 3131 saeclum
566 3081 585 3131 il

128 3170 209 3220 greco
227 3148 311 3218 γενεά,
332 3152 380 3203 che
406 3149 420 3202 ὲ
446 3173 458 3196 e
480 3169 585 3218 genera·

129 3227 206 3276 zione
227 3243 239 3267 ι
270 3225 313 3274 nel
331 3241 406 3275 senso
432 3233 552 3275 concreto
571 3241 586 3274 e

132 3317 146 3342 ι
168 3298 260 3346 durata
278 3295 347 3346 della
365 3297 417 3346 vita
430 3297 456 3346 di
466 3296 587 3346 ciascuna

130 3368 303 3433 generatione
324 3384 347 3430 ι,
367 3367 411 3418 cfr.
431 3368 464 3418 Il.
490 3368 511 3429 I,
535 3376 587 3431 250

130 3443 171 3502 τῷ
193 3436 217 3488 θ’
236 3434 289 3504 ἤδη
309 3433 357 3487 δύο
375 3433 424 3502 μέν
441 3433 525 3502 γενεαὶ
542 3455 586 3501 με·

131 3507 226 3573 ρόπων
249 3505 415 3574 ἐφθίαθ’,ἱοῖ
428 3507 456 3558 οἱ
470 3505 588 3574 πρόσθεν

132 3579 189 3645 ἅμα
198 3576 298 3646 τράφεν
310 3576 354 3646 ἠδ’
364 3577 487 3645 ἐγένοντο.
497 3581 588 3631 Auche

134 3653 265 3703 saeculum
285 3653 327 3703 nel
346 3669 421 3703 senso
441 3655 541 3704 tecuico
561 3653 587 3702 lu

636 1580 689 1632 cosi
708 1583 786 1640 detto,
805 1579 899 1648 perche
917 1583 940 1632 si
958 1598 1032 1648 prese
1046 1599 1089 1634 co-

635 1670 677 1704 me
695 1653 722 1703 la
740 1653 826 1704 media
844 1654 913 1703 della
926 1654 978 1704 vita
994 1671 1089 1706 umaua

634 1723 679 1791 piir
690 1725 809 1789 longeva.
819 1723 871 1775 cfr.
882 1723 1033 1785 Censorino,
1047 1727 1088 1776 De

635 1797 674 1845 die
699 1797 783 1846 natali
803 1805 848 1858 17:
879 1816 891 1840 ι
913 1813 964 1862 quo
988 1797 1030 1847 die
1050 1815 1090 1848 ur·

635 1869 680 1918 bes
706 1876 781 1934 atque
806 1868 921 1918 civitates
951 1869 1090 1920 constitue·

635 1947 729 2004 rentur,
750 1940 782 1989 de
801 1939 841 1989 his
860 1939 904 2005 qui
925 1955 956 1988 eo
973 1941 1015 1990 die
1035 1941 1089 1991 nati

636 2019 720 2061 essent
738 2027 798 2061 eum
817 2011 861 2076 qui
887 2011 1029 2061 diutissime
1054 2011 1092 2062 vi·

635 2083 712 2132 xisset
740 2083 783 2132 die
810 2083 899 2132 mortis
926 2099 986 2132 suae
1014 2083 1091 2149 primi

636 2154 732 2204 saeculi
751 2153 885 2204 modulum
905 2153 987 2214 finire,
1008 2170 1091 2220 eoque

636 2226 678 2276 die
698 2226 743 2291 qui
762 2233 846 2275 esseut
874 2223 966 2291 reliqui
983 2227 1011 2276 in
1030 2227 1091 2276 civi÷

636 2303 697 2360 tate,
717 2297 808 2346 dehis
827 2313 925 2346 rursum
945 2297 1000 2347 eius
1023 2313 1090 2347 mor·

637 2375 695 2426 tem,
715 2369 759 2432 qui
777 2369 956 2432 longissimam
981 2375 1091 2420 aetatem

636 2440 730 2504 egisset
772 2437 849 2488 tinem
886 2455 941 2490 esse
983 2442 1090 2491 secundi

637 2509 771 2560 saeculi».
792 2510 934 2560 Censorino
954 2511 998 2575 qui
1017 2513 1091 2576 parla

637 2581 680 2630 del
698 2581 824 2632 cosidetto
850 2581 937 2630 secolo
960 2583 1090 2640 naturale;

637 2669 680 2702 ma
698 2669 744 2718 per
762 2652 822 2717 quel
843 2651 891 2702 che
916 2652 967 2718 egli
993 2653 1092 2703 dice'e

637 2725 724 2790 logico
742 2739 888 2789 presumere
908 2724 955 2773 che
981 2740 1044 2790 pure
1072 2725 1091 2774 il

637 2797 724 2846 secolo
753 2795 779 2844 di
804 2802 880 2845 cento
907 2811 922 2844 ο
948 2797 1092 2846 centodieci

638 2869 700 2918 anni
732 2867 758 2916 fu
790 2867 876 2917 lissato
904 2881 978 2918 come
1006 2869 1092 2918 media

639 2940 708 2990 della
726 2939 778 2988 vita
797 2935 843 3003 pit
861 2939 979 3004 longeva.

675 3023 735 3072 203.
754 3010 871 3058 reddita:
889 3031 924 3051 π
942 3011 1010 3058 data.
1030 3010 1091 3060 Fre·

639 3090 732 3147 quente
750 3081 778 3130 iu
800 3083 931 3131 Lucretio.
951 3079 1012 3132 Cosl
1040 3090 1091 3146 557

641 3154 693 3200 «si
709 3151 810 3201 nullast
818 3153 974 3216 frangendis
992 3153 1091 3202 reddita

637 3225 700 3287 finis
721 3222 875 3287 Corporibus
890 3242 920 3286 ις
940 3222 992 3289 584
1007 3243 1018 3266 c
1032 3239 1092 3287 quo·

640 3296 711 3344 niam
736 3296 878 3358 generatim
905 3296 1003 3344 reddita
1026 3295 1093 3357 finis

643 3366 779 3416 Crescendi
796 3367 910 3416 rebus».
931 3392 965 3401 -
984 3372 1092 3414 certast:

642 3458 654 3482 ι
676 3437 789 3500 definita,
809 3437 918 3487 limitata
939 3454 960 3485 ι.
987 3437 1020 3488 Se
1044 3453 1091 3502 po·

641 3518 707 3560 tesse
725 3525 837 3560 crescere
862 3525 877 3558 a
902 3508 1044 3572 dismisura,
1071 3509 1092 3559 si

641 3581 780 3632 avrebbero
799 3597 844 3646 per
862 3581 982 3630 ciascuua
1003 3581 1090 3647 speeie

642 3653 792 3703 formationi
811 3650 982 3717 gigantesche.
