<?xml version="1.0" encoding="UTF-8"?>
<!DOCTYPE html PUBLIC "-//W3C//DTD XHTML 1.0 Transitional//EN"
    "http://www.w3.org/TR/xhtml1/DTD/xhtml1-transitional.dtd">
<html xmlns="http://www.w3.org/1999/xhtml" xml:lang="en" lang="en">
 <head>
  <title>
</title>
<meta http-equiv="Content-Type" content="text/html;charset=utf-8" />
  <meta name='ocr-system' content='tesseract 3.04.00' />
  <meta name='ocr-capabilities' content='ocr_page ocr_carea ocr_par ocr_line ocrx_word'/>
</head>
<body>
  <div class='ocr_page' id='page_1' title='image "./tlucreticarider21carugoog_0135.png"; bbox 0 0 2756 4294; ppageno 0'>
   <div class='ocr_carea' id='block_1_1' title="bbox 329 317 389 374">
    <p class='ocr_par' dir='ltr' id='par_1_1' title="bbox 329 317 389 374">
     <span class='ocr_line' id='line_1_1' title="bbox 329 317 389 374; baseline -0.033 0"><span class='ocrx_word' id='word_1_1' title='bbox 329 317 389 374; x_wconf 83' lang='lat'>11⁶</span> 
     </span>
    </p>
   </div>
   <div class='ocr_carea' id='block_1_2' title="bbox 661 327 944 377">
    <p class='ocr_par' dir='ltr' id='par_1_2' title="bbox 661 327 944 377">
     <span class='ocr_line' id='line_1_2' title="bbox 661 327 944 377; baseline -0.011 -4"><span class='ocrx_word' id='word_1_2' title='bbox 661 331 692 377; x_wconf 85' lang='lat' dir='ltr'>T.</span> <span class='ocrx_word' id='word_1_3' title='bbox 714 327 847 374; x_wconf 73' lang='lat' dir='ltr'>Lucrum</span> <span class='ocrx_word' id='word_1_4' title='bbox 870 329 944 373; x_wconf 76' lang='lat' dir='ltr'>cam</span> 
     </span>
    </p>
   </div>
   <div class='ocr_carea' id='block_1_3' title="bbox 324 455 1135 1074">
    <p class='ocr_par' dir='ltr' id='par_1_3' title="bbox 324 455 1135 1074">
     <span class='ocr_line' id='line_1_3' title="bbox 324 455 1094 534; baseline -0.005 -16"><span class='ocrx_word' id='word_1_5' title='bbox 324 455 428 518; x_wconf 85' lang='lat' dir='ltr'>mollia</span> <span class='ocrx_word' id='word_1_6' title='bbox 449 475 526 534; x_wconf 87' lang='lat' dir='ltr'>quae</span> <span class='ocrx_word' id='word_1_7' title='bbox 547 458 631 532; x_wconf 89' lang='lat' dir='ltr'>fiunt,</span> <span class='ocrx_word' id='word_1_8' title='bbox 654 462 713 528; x_wconf 67' lang='lat' dir='ltr'>a‘e‘r,</span> <span class='ocrx_word' id='word_1_9' title='bbox 737 473 823 532; x_wconf 82' lang='lat' dir='ltr'>aqua,</span> <span class='ocrx_word' id='word_1_10' title='bbox 848 465 934 526; x_wconf 86' lang='lat' dir='ltr'>terra,</span> <span class='ocrx_word' id='word_1_11' title='bbox 960 473 1094 533; x_wconf 77' lang='lat' dir='ltr'>vapores,</span> 
     </span>
     <span class='ocr_line' id='line_1_4' title="bbox 325 543 1118 623; baseline -0.005 -17"><span class='ocrx_word' id='word_1_12' title='bbox 325 563 386 622; x_wconf 91' lang='lat' dir='ltr'>quo</span> <span class='ocrx_word' id='word_1_13' title='bbox 408 555 498 623; x_wconf 89' lang='lat' dir='ltr'>pacto</span> <span class='ocrx_word' id='word_1_14' title='bbox 518 545 597 618; x_wconf 81' lang='lat' dir='ltr'>fiant,</span> <span class='ocrx_word' id='word_1_15' title='bbox 621 555 652 604; x_wconf 92' lang='lat' dir='ltr'>et</span> <span class='ocrx_word' id='word_1_16' title='bbox 674 563 733 622; x_wconf 87' lang='lat' dir='ltr'>qua</span> <span class='ocrx_word' id='word_1_17' title='bbox 756 543 787 604; x_wconf 88' lang='lat' dir='ltr'>vi</span> <span class='ocrx_word' id='word_1_18' title='bbox 810 563 946 622; x_wconf 85' lang='lat' dir='ltr'>quaeque</span> <span class='ocrx_word' id='word_1_19' title='bbox 969 553 1118 622; x_wconf 85' lang='lat' dir='ltr'>gerantur,</span> 
     </span>
     <span class='ocr_line' id='line_1_5' title="bbox 325 631 1135 711; baseline -0.002 -18"><span class='ocrx_word' id='word_1_20' title='bbox 325 633 490 694; x_wconf 85' lang='lat' dir='ltr'>admixtum</span> <span class='ocrx_word' id='word_1_21' title='bbox 513 632 653 711; x_wconf 89' lang='lat' dir='ltr'>quoniam</span> <span class='ocrx_word' id='word_1_22' title='bbox 676 634 769 692; x_wconf 88' lang='lat' dir='ltr'>semel</span> <span class='ocrx_word' id='word_1_23' title='bbox 792 631 890 692; x_wconf 89' lang='lat' dir='ltr'>estin</span> <span class='ocrx_word' id='word_1_24' title='bbox 912 635 1003 692; x_wconf 92' lang='lat' dir='ltr'>rebus</span> <span class='ocrx_word' id='word_1_25' title='bbox 1024 632 1135 692; x_wconf 89' lang='lat' dir='ltr'>inane:</span> 
     </span>
     <span class='ocr_line' id='line_1_6' title="bbox 326 719 1049 798; baseline -0.004 -15"><span class='ocrx_word' id='word_1_26' title='bbox 326 733 356 783; x_wconf 89' lang='lat' dir='ltr'>at</span> <span class='ocrx_word' id='word_1_27' title='bbox 378 733 482 782; x_wconf 85' lang='lat' dir='ltr'>contra</span> <span class='ocrx_word' id='word_1_28' title='bbox 504 721 528 781; x_wconf 93' lang='lat' dir='ltr'>si</span> <span class='ocrx_word' id='word_1_29' title='bbox 550 721 652 782; x_wconf 86' lang='lat' dir='ltr'>mollia</span> <span class='ocrx_word' id='word_1_30' title='bbox 674 720 733 780; x_wconf 91' lang='lat' dir='ltr'>sint</span> <span class='ocrx_word' id='word_1_31' title='bbox 754 719 918 798; x_wconf 87' lang='lat' dir='ltr'>primordia</span> <span class='ocrx_word' id='word_1_32' title='bbox 941 740 1049 793; x_wconf 90' lang='lat' dir='ltr'>rerum,</span> 
     </span>
     <span class='ocr_line' id='line_1_7' title="bbox 326 806 1081 888; baseline -0.005 -16"><span class='ocrx_word' id='word_1_33' title='bbox 326 812 408 872; x_wconf 88' lang='lat' dir='ltr'>unde</span> <span class='ocrx_word' id='word_1_34' title='bbox 430 820 543 888; x_wconf 84' lang='lat' dir='ltr'><strong>queant</strong></span> <span class='ocrx_word' id='word_1_35' title='bbox 564 808 655 870; x_wconf 88' lang='lat' dir='ltr'>validi</span> <span class='ocrx_word' id='word_1_36' title='bbox 678 808 775 870; x_wconf 91' lang='lat' dir='ltr'>silices</span> <span class='ocrx_word' id='word_1_37' title='bbox 796 811 966 886; x_wconf 87' lang='lat' dir='ltr'>ferrumque</span> <span class='ocrx_word' id='word_1_38' title='bbox 989 806 1081 870; x_wconf 85' lang='lat' dir='ltr'>creari</span> 
     </span>
     <span class='ocr_line' id='line_1_8' title="bbox 326 895 1128 978; baseline -0.005 -18"><span class='ocrx_word' id='word_1_39' title='bbox 326 919 388 960; x_wconf 92' lang='lat' dir='ltr'>non</span> <span class='ocrx_word' id='word_1_40' title='bbox 411 899 521 978; x_wconf 89' lang='lat' dir='ltr'>poterit</span> <span class='ocrx_word' id='word_1_41' title='bbox 542 898 618 959; x_wconf 88' lang='lat' dir='ltr'>ratio</span> <span class='ocrx_word' id='word_1_42' title='bbox 639 897 746 958; x_wconf 86' lang='lat' dir='ltr'>reddi:</span> <span class='ocrx_word' id='word_1_43' title='bbox 781 917 851 958; x_wconf 87' lang='lat' dir='ltr'>nam</span> <span class='ocrx_word' id='word_1_44' title='bbox 874 897 1007 957; x_wconf 84' lang='lat' dir='ltr'>funditus</span> <span class='ocrx_word' id='word_1_45' title='bbox 1029 895 1128 957; x_wconf 91' lang='lat' dir='ltr'>omnis</span> 
     </span>
     <span class='ocr_line' id='line_1_9' title="bbox 326 985 958 1074; baseline -0.003 -25"><span class='ocrx_word' id='word_1_46' title='bbox 326 987 473 1067; x_wconf 92' lang='lat' dir='ltr'>principio</span> <span class='ocrx_word' id='word_1_47' title='bbox 495 986 683 1048; x_wconf 82' lang='lat' dir='ltr'>fundamenti</span> <span class='ocrx_word' id='word_1_48' title='bbox 706 995 813 1047; x_wconf 86' lang='lat' dir='ltr'>natura</span> <span class='ocrx_word' id='word_1_49' title='bbox 834 985 958 1074; x_wconf 78' lang='lat' dir='ltr'>carebit.</span> 
     </span>
    </p>
   </div>
   <div class='ocr_carea' id='block_1_4' title="bbox 322 1250 780 3721">
    <p class='ocr_par' dir='ltr' id='par_1_4' title="bbox 322 1250 779 2446">
     <span class='ocr_line' id='line_1_10' title="bbox 322 1250 777 1318; baseline -0.002 -16"><span class='ocrx_word' id='word_1_50' title='bbox 322 1253 408 1318; x_wconf 83' lang='lat' dir='ltr'><em>possit</em></span> <span class='ocrx_word' id='word_1_51' title='bbox 433 1252 458 1300; x_wconf 81' lang='lat' dir='ltr'>la</span> <span class='ocrx_word' id='word_1_52' title='bbox 485 1251 551 1302; x_wconf 82' lang='lat' dir='ltr'>frase</span> <span class='ocrx_word' id='word_1_53' title='bbox 578 1250 676 1300; x_wconf 85' lang='lat' dir='ltr'>rimane</span> <span class='ocrx_word' id='word_1_54' title='bbox 700 1266 777 1302; x_wconf 86' lang='lat' dir='ltr'>ancor</span> 
     </span>
     <span class='ocr_line' id='line_1_11' title="bbox 327 1319 776 1390; baseline 0 -18"><span class='ocrx_word' id='word_1_55' title='bbox 327 1319 373 1390; x_wconf 83' lang='lat' dir='ltr'>piir</span> <span class='ocrx_word' id='word_1_56' title='bbox 384 1324 512 1387; x_wconf 81' lang='lat' dir='ltr'>intrigata,</span> <span class='ocrx_word' id='word_1_57' title='bbox 526 1339 548 1382; x_wconf 87' lang='lat' dir='ltr'>e,</span> <span class='ocrx_word' id='word_1_58' title='bbox 559 1339 573 1370; x_wconf 88' lang='lat' dir='ltr'>a</span> <span class='ocrx_word' id='word_1_59' title='bbox 585 1322 667 1388; x_wconf 87' lang='lat' dir='ltr'>prima</span> <span class='ocrx_word' id='word_1_60' title='bbox 680 1321 776 1386; x_wconf 82' lang='lat' dir='ltr'>giunta,</span> 
     </span>
     <span class='ocr_line' id='line_1_12' title="bbox 327 1391 778 1460; baseline -0.004 -16"><span class='ocrx_word' id='word_1_61' title='bbox 327 1391 462 1460; x_wconf 66' lang='lat' dir='ltr'>pressoche</span> <span class='ocrx_word' id='word_1_62' title='bbox 483 1393 674 1458; x_wconf 87' lang='lat' dir='ltr'>inesplicabile;</span> <span class='ocrx_word' id='word_1_63' title='bbox 703 1409 778 1443; x_wconf 83' lang='lat' dir='ltr'>senza</span> 
     </span>
     <span class='ocr_line' id='line_1_13' title="bbox 327 1460 777 1530; baseline -0.002 -17"><span class='ocrx_word' id='word_1_64' title='bbox 327 1465 381 1513; x_wconf 91' lang='lat' dir='ltr'>dire</span> <span class='ocrx_word' id='word_1_65' title='bbox 399 1465 446 1514; x_wconf 91' lang='lat' dir='ltr'>che</span> <span class='ocrx_word' id='word_1_66' title='bbox 464 1465 551 1530; x_wconf 86' lang='lat' dir='ltr'>quella</span> <span class='ocrx_word' id='word_1_67' title='bbox 569 1464 701 1513; x_wconf 81' lang='lat' dir='ltr'>vicinanza</span> <span class='ocrx_word' id='word_1_68' title='bbox 714 1460 777 1528; x_wconf 69' lang='lat' dir='ltr'>¹pote</span> 
     </span>
     <span class='ocr_line' id='line_1_14' title="bbox 327 1535 777 1600; baseline -0.002 -16"><span class='ocrx_word' id='word_1_69' title='bbox 327 1535 502 1594; x_wconf 86' lang='lat' dir='ltr'>determinare,</span> <span class='ocrx_word' id='word_1_70' title='bbox 532 1551 585 1584; x_wconf 86' lang='lat' dir='ltr'>non</span> <span class='ocrx_word' id='word_1_71' title='bbox 609 1535 652 1584; x_wconf 90' lang='lat' dir='ltr'>nel</span> <span class='ocrx_word' id='word_1_72' title='bbox 672 1536 777 1600; x_wconf 84' lang='lat' dir='ltr'>copista,</span> 
     </span>
     <span class='ocr_line' id='line_1_15' title="bbox 328 1605 778 1678; baseline 0 -23"><span class='ocrx_word' id='word_1_73' title='bbox 328 1623 369 1655; x_wconf 84' lang='lat' dir='ltr'>rna</span> <span class='ocrx_word' id='word_1_74' title='bbox 385 1605 428 1656; x_wconf 85' lang='lat' dir='ltr'>nel</span> <span class='ocrx_word' id='word_1_75' title='bbox 442 1613 518 1671; x_wconf 83' lang='lat' dir='ltr'>poeta</span> <span class='ocrx_word' id='word_1_76' title='bbox 530 1614 610 1678; x_wconf 72' lang='lat' dir='ltr'>stesso</span> <span class='ocrx_word' id='word_1_77' title='bbox 622 1605 778 1655; x_wconf 82' lang='lat' dir='ltr'>l&#39;nttrazione</span> 
     </span>
     <span class='ocr_line' id='line_1_16' title="bbox 327 1676 778 1728; baseline -0.004 -2"><span class='ocrx_word' id='word_1_78' title='bbox 327 1676 370 1727; x_wconf 90' lang='lat' dir='ltr'>del</span> <span class='ocrx_word' id='word_1_79' title='bbox 397 1693 511 1727; x_wconf 90' lang='lat' dir='ltr'>numero.</span> <span class='ocrx_word' id='word_1_80' title='bbox 531 1679 553 1728; x_wconf 88' lang='lat' dir='ltr'><strong>E</strong></span> <span class='ocrx_word' id='word_1_81' title='bbox 571 1677 691 1726; x_wconf 88' lang='lat' dir='ltr'>notevole</span> <span class='ocrx_word' id='word_1_82' title='bbox 709 1693 724 1725; x_wconf 81' lang='lat' dir='ltr'>a</span> <span class='ocrx_word' id='word_1_83' title='bbox 743 1677 778 1725; x_wconf 83' lang='lat' dir='ltr'>tal</span> 
     </span>
     <span class='ocr_line' id='line_1_17' title="bbox 327 1747 779 1814; baseline 0 -18"><span class='ocrx_word' id='word_1_84' title='bbox 327 1749 459 1814; x_wconf 89' lang='lat' dir='ltr'>proposito</span> <span class='ocrx_word' id='word_1_85' title='bbox 483 1749 531 1798; x_wconf 88' lang='lat' dir='ltr'>che</span> <span class='ocrx_word' id='word_1_86' title='bbox 557 1747 637 1797; x_wconf 82' lang='lat' dir='ltr'>anche</span> <span class='ocrx_word' id='word_1_87' title='bbox 665 1748 779 1812; x_wconf 87' lang='lat' dir='ltr'>Epicuro</span> 
     </span>
     <span class='ocr_line' id='line_1_18' title="bbox 328 1814 776 1885; baseline -0.004 -17"><span class='ocrx_word' id='word_1_88' title='bbox 328 1819 438 1885; x_wconf 82' lang='lat' dir='ltr'>adopera</span> <span class='ocrx_word' id='word_1_89' title='bbox 462 1819 659 1869; x_wconf 87' lang='lat' dir='ltr'>assolutamente</span> <span class='ocrx_word' id='word_1_90' title='bbox 687 1814 776 1867; x_wconf 81' lang='grc' dir='ltr'><em>ἀποδί-</em></span> 
     </span>
     <span class='ocr_line' id='line_1_19' title="bbox 328 1887 779 1956; baseline -0.004 -16"><span class='ocrx_word' id='word_1_91' title='bbox 328 1887 399 1953; x_wconf 78' lang='grc' dir='ltr'><em>δωμι</em></span> <span class='ocrx_word' id='word_1_92' title='bbox 418 1906 463 1956; x_wconf 89' lang='lat' dir='ltr'>per</span> <span class='ocrx_word' id='word_1_93' title='bbox 480 1891 607 1939; x_wconf 86' lang='lat' dir='ltr'>rationem</span> <span class='ocrx_word' id='word_1_94' title='bbox 631 1890 744 1946; x_wconf 86' lang='lat' dir='ltr'>reddere,</span> <span class='ocrx_word' id='word_1_95' title='bbox 764 1905 779 1938; x_wconf 85' lang='lat' dir='ltr'>e</span> 
     </span>
     <span class='ocr_line' id='line_1_20' title="bbox 328 1960 778 2026; baseline -0.002 -16"><span class='ocrx_word' id='word_1_96' title='bbox 328 1961 458 2026; x_wconf 84' lang='lat' dir='ltr'>l&#39;adopera</span> <span class='ocrx_word' id='word_1_97' title='bbox 471 1960 539 2009; x_wconf 85' lang='lat' dir='ltr'>nella</span> <span class='ocrx_word' id='word_1_98' title='bbox 552 1961 710 2018; x_wconf 76' lang='lat' dir='ltr'>costruzione</span> <span class='ocrx_word' id='word_1_99' title='bbox 723 1975 778 2024; x_wconf 89' lang='lat' dir='ltr'>per·</span> 
     </span>
     <span class='ocr_line' id='line_1_21' title="bbox 328 2030 777 2095; baseline -0.007 -14"><span class='ocrx_word' id='word_1_100' title='bbox 328 2032 423 2090; x_wconf 86' lang='lat' dir='ltr'>sonale,</span> <span class='ocrx_word' id='word_1_101' title='bbox 437 2047 510 2080; x_wconf 91' lang='lat' dir='ltr'>come</span> <span class='ocrx_word' id='word_1_102' title='bbox 523 2030 567 2095; x_wconf 90' lang='lat' dir='ltr'>qui</span> <span class='ocrx_word' id='word_1_103' title='bbox 576 2031 679 2094; x_wconf 82' lang='lat' dir='ltr'>possint</span> <span class='ocrx_word' id='word_1_104' title='bbox 689 2031 777 2078; x_wconf 88' lang='lat' dir='ltr'>reddi:</span> 
     </span>
     <span class='ocr_line' id='line_1_22' title="bbox 328 2095 779 2167; baseline 0 -17"><span class='ocrx_word' id='word_1_105' title='bbox 328 2119 366 2167; x_wconf 90' lang='lat' dir='ltr'>pr.</span> <span class='ocrx_word' id='word_1_106' title='bbox 385 2101 462 2164; x_wconf 85' lang='lat' dir='ltr'>Diog.</span> <span class='ocrx_word' id='word_1_107' title='bbox 481 2101 521 2164; x_wconf 75' lang='lat' dir='ltr'>L.¹</span> <span class='ocrx_word' id='word_1_108' title='bbox 541 2101 572 2160; x_wconf 89' lang='lat' dir='ltr'>X,</span> <span class='ocrx_word' id='word_1_109' title='bbox 593 2110 643 2164; x_wconf 83' lang='lat'>55:</span> <span class='ocrx_word' id='word_1_110' title='bbox 662 2095 694 2149; x_wconf 84' lang='grc' dir='ltr'>τὰ</span> <span class='ocrx_word' id='word_1_111' title='bbox 712 2096 779 2150; x_wconf 79' lang='grc' dir='ltr'><strong><em>κατὰ</em></strong></span> 
     </span>
     <span class='ocr_line' id='line_1_23' title="bbox 328 2167 778 2236; baseline 0 -16"><span class='ocrx_word' id='word_1_112' title='bbox 328 2169 402 2236; x_wconf 74' lang='grc' dir='ltr'><em>πάθη</em></span> <span class='ocrx_word' id='word_1_113' title='bbox 422 2169 470 2220; x_wconf 86' lang='grc' dir='ltr'>καί</span> <span class='ocrx_word' id='word_1_114' title='bbox 485 2167 529 2225; x_wconf 83' lang='grc' dir='ltr'>τὰς</span> <span class='ocrx_word' id='word_1_115' title='bbox 551 2167 686 2234; x_wconf 75' lang='grc' dir='ltr'><em>αἰσθήσεις</em></span> <span class='ocrx_word' id='word_1_116' title='bbox 711 2169 778 2235; x_wconf 82' lang='grc' dir='ltr'>γινό-</span> 
     </span>
     <span class='ocr_line' id='line_1_24' title="bbox 328 2238 779 2306; baseline 0 -14"><span class='ocrx_word' id='word_1_117' title='bbox 328 2259 393 2306; x_wconf 77' lang='grc' dir='ltr'><strong><em>μενα</em></strong></span> <span class='ocrx_word' id='word_1_118' title='bbox 418 2238 619 2306; x_wconf 73' lang='grc' dir='ltr'><strong><em>ἀποδοθήσεται.</em></strong></span> <span class='ocrx_word' id='word_1_119' title='bbox 644 2242 676 2293; x_wconf 89' lang='lat' dir='ltr'>V.</span> <span class='ocrx_word' id='word_1_120' title='bbox 698 2243 779 2292; x_wconf 88' lang='lat' dir='ltr'>anche</span> 
     </span>
     <span class='ocr_line' id='line_1_25' title="bbox 329 2311 779 2378; baseline 0 -16"><span class='ocrx_word' id='word_1_121' title='bbox 329 2315 434 2363; x_wconf 81' lang='lat' dir='ltr'>reddere</span> <span class='ocrx_word' id='word_1_122' title='bbox 453 2313 496 2363; x_wconf 90' lang='lat' dir='ltr'>nel</span> <span class='ocrx_word' id='word_1_123' title='bbox 514 2313 581 2363; x_wconf 88' lang='lat' dir='ltr'>med.</span> <span class='ocrx_word' id='word_1_124' title='bbox 599 2311 739 2378; x_wconf 87' lang='lat' dir='ltr'>significato</span> <span class='ocrx_word' id='word_1_125' title='bbox 751 2314 779 2363; x_wconf 90' lang='lat' dir='ltr'>in</span> 
     </span>
     <span class='ocr_line' id='line_1_26' title="bbox 329 2385 440 2446; baseline 0.027 -14"><span class='ocrx_word' id='word_1_126' title='bbox 329 2385 360 2444; x_wconf 87' lang='lat' dir='ltr'>V,</span> <span class='ocrx_word' id='word_1_127' title='bbox 384 2395 440 2446; x_wconf 87' lang='lat'>197.</span> 
     </span>
    </p>

    <p class='ocr_par' dir='ltr' id='par_1_5' title="bbox 329 2454 780 3721">
     <span class='ocr_line' id='line_1_27' title="bbox 365 2454 778 2521; baseline 0.002 -17"><span class='ocrx_word' id='word_1_128' title='bbox 365 2455 424 2520; x_wconf 82' lang='lat'><strong>5⁶9·</strong></span> <span class='ocrx_word' id='word_1_129' title='bbox 444 2456 533 2504; x_wconf 91' lang='lat' dir='ltr'>semel:</span> <span class='ocrx_word' id='word_1_130' title='bbox 559 2454 702 2520; x_wconf 85' lang='lat' dir='ltr'>significato</span> <span class='ocrx_word' id='word_1_131' title='bbox 722 2472 778 2521; x_wconf 90' lang='lat' dir='ltr'>spe·</span> 
     </span>
     <span class='ocr_line' id='line_1_28' title="bbox 330 2526 779 2592; baseline -0.002 -16"><span class='ocrx_word' id='word_1_132' title='bbox 330 2527 400 2586; x_wconf 85' lang='lat' dir='ltr'>ciale,</span> <span class='ocrx_word' id='word_1_133' title='bbox 420 2526 467 2576; x_wconf 89' lang='lat' dir='ltr'>che</span> <span class='ocrx_word' id='word_1_134' title='bbox 483 2527 526 2574; x_wconf 91' lang='lat' dir='ltr'>noi</span> <span class='ocrx_word' id='word_1_135' title='bbox 541 2527 639 2575; x_wconf 86' lang='lat' dir='ltr'>itaiiani</span> <span class='ocrx_word' id='word_1_136' title='bbox 652 2527 779 2592; x_wconf 89' lang='lat' dir='ltr'>possiamo</span> 
     </span>
     <span class='ocr_line' id='line_1_29' title="bbox 329 2593 779 2660; baseline -0.002 -15"><span class='ocrx_word' id='word_1_137' title='bbox 329 2597 379 2647; x_wconf 88' lang='lat' dir='ltr'>ben</span> <span class='ocrx_word' id='word_1_138' title='bbox 404 2597 504 2659; x_wconf 82' lang='lat' dir='ltr'>sentire,</span> <span class='ocrx_word' id='word_1_139' title='bbox 531 2593 635 2660; x_wconf 71' lang='lat' dir='ltr'>giacche</span> <span class='ocrx_word' id='word_1_140' title='bbox 659 2597 703 2647; x_wconf 85' lang='lat' dir='ltr'>nel</span> <span class='ocrx_word' id='word_1_141' title='bbox 731 2597 779 2645; x_wconf 88' lang='lat' dir='ltr'>lin·</span> 
     </span>
     <span class='ocr_line' id='line_1_30' title="bbox 329 2667 780 2732; baseline -0.002 -16"><span class='ocrx_word' id='word_1_142' title='bbox 329 2669 441 2732; x_wconf 82' lang='lat' dir='ltr'>guaggio</span> <span class='ocrx_word' id='word_1_143' title='bbox 465 2668 586 2732; x_wconf 87' lang='lat' dir='ltr'>popolare</span> <span class='ocrx_word' id='word_1_144' title='bbox 610 2668 728 2726; x_wconf 83' lang='lat' dir='ltr'>diciamo,</span> <span class='ocrx_word' id='word_1_145' title='bbox 748 2667 780 2716; x_wconf 87' lang='lat' dir='ltr'>nd</span> 
     </span>
     <span class='ocr_line' id='line_1_31' title="bbox 329 2738 779 2788; baseline -0.002 0"><span class='ocrx_word' id='word_1_146' title='bbox 329 2755 378 2788; x_wconf 87' lang='lat' dir='ltr'>es.:</span> <span class='ocrx_word' id='word_1_147' title='bbox 405 2759 415 2782; x_wconf 77' lang='grc' dir='ltr'>ι</span> <span class='ocrx_word' id='word_1_148' title='bbox 444 2755 498 2787; x_wconf 86' lang='lat' dir='ltr'>una</span> <span class='ocrx_word' id='word_1_149' title='bbox 523 2739 591 2786; x_wconf 84' lang='lat' dir='ltr'>volta</span> <span class='ocrx_word' id='word_1_150' title='bbox 619 2738 666 2788; x_wconf 88' lang='lat' dir='ltr'>che</span> <span class='ocrx_word' id='word_1_151' title='bbox 691 2745 718 2786; x_wconf 90' lang='lat' dir='ltr'>tu</span> <span class='ocrx_word' id='word_1_152' title='bbox 737 2738 779 2787; x_wconf 84' lang='lat' dir='ltr'>hai</span> 
     </span>
     <span class='ocr_line' id='line_1_32' title="bbox 330 2809 778 2873; baseline 0.004 -16"><span class='ocrx_word' id='word_1_153' title='bbox 330 2824 456 2858; x_wconf 88' lang='lat' dir='ltr'>ammesso</span> <span class='ocrx_word' id='word_1_154' title='bbox 481 2816 571 2873; x_wconf 88' lang='lat' dir='ltr'>questo</span> <span class='ocrx_word' id='word_1_155' title='bbox 592 2827 604 2851; x_wconf 76' lang='grc' dir='ltr'><strong><em>ι</em></strong></span> <span class='ocrx_word' id='word_1_156' title='bbox 634 2825 680 2873; x_wconf 88' lang='lat' dir='ltr'>per</span> <span class='ocrx_word' id='word_1_157' title='bbox 707 2809 778 2859; x_wconf 86' lang='lat' dir='ltr'>dire:</span> 
     </span>
     <span class='ocr_line' id='line_1_33' title="bbox 332 2879 778 2928; baseline 0 0"><span class='ocrx_word' id='word_1_158' title='bbox 332 2900 343 2923; x_wconf 75' lang='grc' dir='ltr'><strong><em>ι</em></strong></span> <span class='ocrx_word' id='word_1_159' title='bbox 365 2880 425 2928; x_wconf 80' lang='lat' dir='ltr'>dato</span> <span class='ocrx_word' id='word_1_160' title='bbox 443 2879 462 2927; x_wconf 95' lang='lat' dir='ltr'>il</span> <span class='ocrx_word' id='word_1_161' title='bbox 480 2879 544 2928; x_wconf 85' lang='lat' dir='ltr'>fatto</span> <span class='ocrx_word' id='word_1_162' title='bbox 562 2879 609 2928; x_wconf 89' lang='lat' dir='ltr'>che</span> <span class='ocrx_word' id='word_1_163' title='bbox 625 2885 653 2928; x_wconf 87' lang='lat' dir='ltr'>tu</span> <span class='ocrx_word' id='word_1_164' title='bbox 665 2879 708 2928; x_wconf 87' lang='lat' dir='ltr'>hai</span> <span class='ocrx_word' id='word_1_165' title='bbox 726 2895 778 2928; x_wconf 83' lang='lat' dir='ltr'>am·</span> 
     </span>
     <span class='ocr_line' id='line_1_34' title="bbox 331 2949 779 3014; baseline 0.002 -16"><span class='ocrx_word' id='word_1_166' title='bbox 331 2965 414 3000; x_wconf 89' lang='lat' dir='ltr'>messo</span> <span class='ocrx_word' id='word_1_167' title='bbox 439 2956 529 3014; x_wconf 86' lang='lat' dir='ltr'>questo</span> <span class='ocrx_word' id='word_1_168' title='bbox 559 2968 581 2998; x_wconf 73' lang='lat' dir='ltr'>s,</span> <span class='ocrx_word' id='word_1_169' title='bbox 605 2949 638 2998; x_wconf 85' lang='grc' dir='ltr'>Αἰ</span> <span class='ocrx_word' id='word_1_170' title='bbox 664 2950 779 3000; x_wconf 82' lang='lat' dir='ltr'>tentativi</span> 
     </span>
     <span class='ocr_line' id='line_1_35' title="bbox 331 3020 780 3086; baseline 0.004 -18"><span class='ocrx_word' id='word_1_171' title='bbox 331 3021 373 3070; x_wconf 92' lang='lat' dir='ltr'>del</span> <span class='ocrx_word' id='word_1_172' title='bbox 391 3020 482 3081; x_wconf 79' lang='lat' dir='ltr'>Giibel,</span> <span class='ocrx_word' id='word_1_173' title='bbox 497 3020 538 3069; x_wconf 89' lang='lat' dir='ltr'>cui</span> <span class='ocrx_word' id='word_1_174' title='bbox 556 3021 656 3070; x_wconf 85' lang='lat' dir='ltr'>sembra</span> <span class='ocrx_word' id='word_1_175' title='bbox 669 3036 780 3086; x_wconf 88' lang='lat' dir='ltr'>propen-</span> 
     </span>
     <span class='ocr_line' id='line_1_36' title="bbox 331 3091 779 3153; baseline 0 -13"><span class='ocrx_word' id='word_1_176' title='bbox 331 3091 391 3141; x_wconf 88' lang='lat' dir='ltr'>dere</span> <span class='ocrx_word' id='word_1_177' title='bbox 409 3091 429 3140; x_wconf 87' lang='lat' dir='ltr'>il</span> <span class='ocrx_word' id='word_1_178' title='bbox 446 3091 538 3153; x_wconf 84' lang='lat' dir='ltr'>Tohte,</span> <span class='ocrx_word' id='word_1_179' title='bbox 558 3091 592 3139; x_wconf 52' lang='lat' dir='ltr'>di*</span> <span class='ocrx_word' id='word_1_180' title='bbox 604 3091 731 3142; x_wconf 87' lang='lat' dir='ltr'>sostituire</span> <span class='ocrx_word' id='word_1_181' title='bbox 746 3093 779 3140; x_wconf 88' lang='lat' dir='ltr'>si-</span> 
     </span>
     <span class='ocr_line' id='line_1_37' title="bbox 331 3161 779 3226; baseline 0.002 -16"><span class='ocrx_word' id='word_1_182' title='bbox 331 3163 393 3220; x_wconf 91' lang='lat' dir='ltr'>mul,</span> <span class='ocrx_word' id='word_1_183' title='bbox 412 3162 464 3212; x_wconf 89' lang='lat' dir='ltr'>ben</span> <span class='ocrx_word' id='word_1_184' title='bbox 483 3161 602 3226; x_wconf 87' lang='lat' dir='ltr'>risponde</span> <span class='ocrx_word' id='word_1_185' title='bbox 620 3162 640 3210; x_wconf 92' lang='lat' dir='ltr'>il</span> <span class='ocrx_word' id='word_1_186' title='bbox 659 3162 779 3212; x_wconf 86' lang='lat' dir='ltr'>Giussani</span> 
     </span>
     <span class='ocr_line' id='line_1_38' title="bbox 331 3232 780 3298; baseline -0.002 -16"><span class='ocrx_word' id='word_1_187' title='bbox 331 3249 390 3298; x_wconf 87' lang='lat' dir='ltr'>aq.</span> <span class='ocrx_word' id='word_1_188' title='bbox 408 3233 434 3292; x_wconf 85' lang='grc'>1.,</span> <span class='ocrx_word' id='word_1_189' title='bbox 456 3232 629 3282; x_wconf 86' lang='lat' dir='ltr'>richiamando</span> <span class='ocrx_word' id='word_1_190' title='bbox 656 3233 737 3283; x_wconf 86' lang='lat' dir='ltr'>anche</span> <span class='ocrx_word' id='word_1_191' title='bbox 761 3233 780 3281; x_wconf 93' lang='lat' dir='ltr'>il</span> 
     </span>
     <span class='ocr_line' id='line_1_39' title="bbox 330 3301 779 3369; baseline 0.002 -17"><span class='ocrx_word' id='word_1_192' title='bbox 330 3305 385 3369; x_wconf 85' lang='lat' dir='ltr'>pari</span> <span class='ocrx_word' id='word_1_193' title='bbox 404 3319 450 3352; x_wconf 92' lang='lat' dir='ltr'>uso</span> <span class='ocrx_word' id='word_1_194' title='bbox 468 3303 509 3352; x_wconf 91' lang='lat' dir='ltr'>del</span> <span class='ocrx_word' id='word_1_195' title='bbox 528 3319 565 3367; x_wconf 84' lang='lat' dir='ltr'>gr.</span> <span class='ocrx_word' id='word_1_196' title='bbox 580 3301 657 3362; x_wconf 68' lang='grc' dir='ltr'>ἅπαξ.</span> <span class='ocrx_word' id='word_1_197' title='bbox 671 3304 702 3352; x_wconf 95' lang='lat' dir='ltr'>V.</span> <span class='ocrx_word' id='word_1_198' title='bbox 716 3319 779 3368; x_wconf 90' lang='lat' dir='ltr'>pure</span> 
     </span>
     <span class='ocr_line' id='line_1_40' title="bbox 330 3370 779 3438; baseline 0 -16"><span class='ocrx_word' id='word_1_199' title='bbox 330 3391 353 3423; x_wconf 85' lang='lat' dir='ltr'>v.</span> <span class='ocrx_word' id='word_1_200' title='bbox 376 3386 450 3436; x_wconf 90' lang='lat'><em>1030.</em></span> <span class='ocrx_word' id='word_1_201' title='bbox 470 3376 551 3422; x_wconf 89' lang='lat' dir='ltr'>-in</span> <span class='ocrx_word' id='word_1_202' title='bbox 569 3376 661 3423; x_wconf 86' lang='lat' dir='ltr'>rebus:</span> <span class='ocrx_word' id='word_1_203' title='bbox 687 3370 779 3438; x_wconf 67' lang='lat' dir='ltr'>poiche</span> 
     </span>
     <span class='ocr_line' id='line_1_41' title="bbox 330 3441 778 3494; baseline 0.002 -2"><span class='ocrx_word' id='word_1_204' title='bbox 330 3446 474 3493; x_wconf 78' lang='lat' dir='ltr'>admixtum</span> <span class='ocrx_word' id='word_1_205' title='bbox 493 3444 520 3492; x_wconf 90' lang='lat' dir='ltr'>in</span> <span class='ocrx_word' id='word_1_206' title='bbox 538 3444 613 3493; x_wconf 89' lang='lat' dir='ltr'>Lucr.</span> <span class='ocrx_word' id='word_1_207' title='bbox 633 3441 647 3494; x_wconf 81' lang='grc' dir='ltr'>ὲ</span> <span class='ocrx_word' id='word_1_208' title='bbox 669 3445 710 3494; x_wconf 93' lang='lat' dir='ltr'>col</span> <span class='ocrx_word' id='word_1_209' title='bbox 735 3446 778 3493; x_wconf 86' lang='lat' dir='ltr'>da-</span> 
     </span>
     <span class='ocr_line' id='line_1_42' title="bbox 332 3514 780 3580; baseline 0.002 -17"><span class='ocrx_word' id='word_1_210' title='bbox 332 3515 383 3563; x_wconf 86' lang='lat' dir='ltr'>tivo</span> <span class='ocrx_word' id='word_1_211' title='bbox 402 3515 421 3571; x_wconf 87' lang='lat'>1,</span> <span class='ocrx_word' id='word_1_212' title='bbox 441 3515 500 3578; x_wconf 88' lang='lat'>369,</span> <span class='ocrx_word' id='word_1_213' title='bbox 520 3514 580 3578; x_wconf 82' lang='lat'>382,</span> <span class='ocrx_word' id='word_1_214' title='bbox 598 3516 647 3580; x_wconf 81' lang='lat'>655</span> <span class='ocrx_word' id='word_1_215' title='bbox 662 3516 681 3564; x_wconf 87' lang='lat' dir='ltr'>il</span> <span class='ocrx_word' id='word_1_216' title='bbox 695 3516 780 3566; x_wconf 90' lang='lat' dir='ltr'>Tohte</span> 
     </span>
     <span class='ocr_line' id='line_1_43' title="bbox 331 3585 775 3652; baseline 0.007 -19"><span class='ocrx_word' id='word_1_217' title='bbox 331 3585 473 3635; x_wconf 85' lang='lat' dir='ltr'>richiedeva</span> <span class='ocrx_word' id='word_1_218' title='bbox 484 3587 531 3635; x_wconf 91' lang='lat' dir='ltr'>che</span> <span class='ocrx_word' id='word_1_219' title='bbox 544 3587 588 3652; x_wconf 91' lang='lat' dir='ltr'>qui</span> <span class='ocrx_word' id='word_1_220' title='bbox 601 3589 622 3634; x_wconf 89' lang='lat' dir='ltr'>si</span> <span class='ocrx_word' id='word_1_221' title='bbox 635 3587 775 3652; x_wconf 85' lang='lat' dir='ltr'>spiegasse:</span> 
     </span>
     <span class='ocr_line' id='line_1_44' title="bbox 329 3657 779 3721; baseline 0.007 -17"><span class='ocrx_word' id='word_1_222' title='bbox 329 3657 413 3706; x_wconf 84' lang='lat' dir='ltr'>estin</span> <span class='ocrx_word' id='word_1_223' title='bbox 431 3658 512 3713; x_wconf 88' lang='lat' dir='ltr'>rebus,</span> <span class='ocrx_word' id='word_1_224' title='bbox 532 3658 676 3707; x_wconf 83' lang='lat' dir='ltr'>adrnixtum</span> <span class='ocrx_word' id='word_1_225' title='bbox 689 3659 715 3721; x_wconf 79' lang='grc' dir='ltr'>(ι</span> <span class='ocrx_word' id='word_1_226' title='bbox 732 3657 779 3708; x_wconf 91' lang='lat' dir='ltr'>che</span> 
     </span>
    </p>
   </div>
   <div class='ocr_carea' id='block_1_5' title="bbox 1217 737 1275 797">
    <p class='ocr_par' dir='ltr' id='par_1_6' title="bbox 1217 737 1275 797">
     <span class='ocr_line' id='line_1_45' title="bbox 1217 737 1275 797; baseline -0.052 0"><span class='ocrx_word' id='word_1_227' title='bbox 1217 737 1275 797; x_wconf 80' lang='lat'>5⁷0</span> 
     </span>
    </p>
   </div>
   <div class='ocr_carea' id='block_1_6' title="bbox 831 1247 1274 1952">
    <p class='ocr_par' dir='ltr' id='par_1_7' title="bbox 831 1247 1274 1952">
     <span class='ocr_line' id='line_1_46' title="bbox 831 1247 1274 1318; baseline -0.005 -17"><span class='ocrx_word' id='word_1_228' title='bbox 831 1252 856 1301; x_wconf 85' lang='lat' dir='ltr'>vi</span> <span class='ocrx_word' id='word_1_229' title='bbox 874 1247 889 1300; x_wconf 76' lang='grc' dir='ltr'>ὲ</span> <span class='ocrx_word' id='word_1_230' title='bbox 907 1251 1042 1301; x_wconf 90' lang='lat' dir='ltr'>commisto</span> <span class='ocrx_word' id='word_1_231' title='bbox 1064 1250 1097 1315; x_wconf 74' lang='grc' dir='ltr'>ι).</span> <span class='ocrx_word' id='word_1_232' title='bbox 1110 1251 1155 1300; x_wconf 89' lang='lat' dir='ltr'>Ma</span> <span class='ocrx_word' id='word_1_233' title='bbox 1173 1251 1216 1318; x_wconf 88' lang='lat' dir='ltr'>qui</span> <span class='ocrx_word' id='word_1_234' title='bbox 1228 1247 1274 1316; x_wconf 81' lang='lat' dir='ltr'>pud</span> 
     </span>
     <span class='ocr_line' id='line_1_47' title="bbox 831 1323 1273 1380; baseline -0.007 -8"><span class='ocrx_word' id='word_1_235' title='bbox 831 1323 912 1373; x_wconf 89' lang='lat' dir='ltr'>aversi</span> <span class='ocrx_word' id='word_1_236' title='bbox 930 1323 1089 1372; x_wconf 86' lang='lat' dir='ltr'>costruzione</span> <span class='ocrx_word' id='word_1_237' title='bbox 1108 1323 1212 1380; x_wconf 85' lang='lat' dir='ltr'>diversa,</span> <span class='ocrx_word' id='word_1_238' title='bbox 1231 1337 1273 1370; x_wconf 88' lang='lat' dir='ltr'>con</span> 
     </span>
     <span class='ocr_line' id='line_1_48' title="bbox 831 1391 1272 1455; baseline -0.007 -12"><span class='ocrx_word' id='word_1_239' title='bbox 831 1393 848 1443; x_wconf 83' lang='lat' dir='ltr'>l&#39;</span> <span class='ocrx_word' id='word_1_240' title='bbox 855 1394 883 1443; x_wconf 91' lang='lat' dir='ltr'>in</span> <span class='ocrx_word' id='word_1_241' title='bbox 903 1411 917 1444; x_wconf 93' lang='lat' dir='ltr'>e</span> <span class='ocrx_word' id='word_1_242' title='bbox 935 1393 1019 1455; x_wconf 83' lang='lat' dir='ltr'>l&#39;abl.;</span> <span class='ocrx_word' id='word_1_243' title='bbox 1040 1409 1112 1444; x_wconf 91' lang='lat' dir='ltr'>come</span> <span class='ocrx_word' id='word_1_244' title='bbox 1131 1409 1180 1443; x_wconf 87' lang='lat' dir='ltr'>con</span> <span class='ocrx_word' id='word_1_245' title='bbox 1197 1391 1212 1441; x_wconf 87' lang='lat' dir='ltr'>l&#39;</span> <span class='ocrx_word' id='word_1_246' title='bbox 1220 1394 1245 1441; x_wconf 93' lang='lat' dir='ltr'>in</span> <span class='ocrx_word' id='word_1_247' title='bbox 1260 1408 1272 1441; x_wconf 92' lang='lat' dir='ltr'>e</span> 
     </span>
     <span class='ocr_line' id='line_1_49' title="bbox 831 1465 1273 1530; baseline -0.007 -16"><span class='ocrx_word' id='word_1_248' title='bbox 831 1465 901 1515; x_wconf 87' lang='lat' dir='ltr'>l’acc.</span> <span class='ocrx_word' id='word_1_249' title='bbox 930 1465 957 1514; x_wconf 89' lang='lat' dir='ltr'>in</span> <span class='ocrx_word' id='word_1_250' title='bbox 975 1465 996 1522; x_wconf 83' lang='grc' dir='ltr'>Ι,</span> <span class='ocrx_word' id='word_1_251' title='bbox 1016 1475 1082 1530; x_wconf 80' lang='lat'>745:</span> <span class='ocrx_word' id='word_1_252' title='bbox 1112 1483 1125 1508; x_wconf 78' lang='lat' dir='ltr'>e</span> <span class='ocrx_word' id='word_1_253' title='bbox 1144 1465 1273 1514; x_wconf 86' lang='lat' dir='ltr'>admiscent</span> 
     </span>
     <span class='ocr_line' id='line_1_50' title="bbox 832 1535 1272 1600; baseline -0.007 -15"><span class='ocrx_word' id='word_1_254' title='bbox 832 1537 860 1586; x_wconf 87' lang='lat' dir='ltr'>in</span> <span class='ocrx_word' id='word_1_255' title='bbox 870 1552 957 1585; x_wconf 83' lang='lat' dir='ltr'>eorum</span> <span class='ocrx_word' id='word_1_256' title='bbox 970 1544 1063 1600; x_wconf 86' lang='lat' dir='ltr'>corpus</span> <span class='ocrx_word' id='word_1_257' title='bbox 1073 1537 1152 1584; x_wconf 83' lang='lat' dir='ltr'>inane</span> <span class='ocrx_word' id='word_1_258' title='bbox 1164 1553 1185 1585; x_wconf 76' lang='grc' dir='ltr'>ι.</span> <span class='ocrx_word' id='word_1_259' title='bbox 1197 1535 1272 1584; x_wconf 81' lang='lat' dir='ltr'>Tanto</span> 
     </span>
     <span class='ocr_line' id='line_1_51' title="bbox 832 1605 1271 1672; baseline -0.009 -16"><span class='ocrx_word' id='word_1_260' title='bbox 832 1605 846 1657; x_wconf 74' lang='grc' dir='ltr'>ὲ</span> <span class='ocrx_word' id='word_1_261' title='bbox 865 1606 950 1671; x_wconf 82' lang='lat' dir='ltr'>giusto</span> <span class='ocrx_word' id='word_1_262' title='bbox 969 1607 1134 1656; x_wconf 82' lang='lat' dir='ltr'>l’accusativo</span> <span class='ocrx_word' id='word_1_263' title='bbox 1152 1606 1203 1672; x_wconf 79' lang='lat' dir='ltr'>qui,</span> <span class='ocrx_word' id='word_1_264' title='bbox 1221 1611 1271 1653; x_wconf 81' lang='lat' dir='ltr'>trut-</span> 
     </span>
     <span class='ocr_line' id='line_1_52' title="bbox 833 1673 1268 1742; baseline -0.014 -16"><span class='ocrx_word' id='word_1_265' title='bbox 833 1677 933 1727; x_wconf 87' lang='lat' dir='ltr'>tandosi</span> <span class='ocrx_word' id='word_1_266' title='bbox 951 1677 977 1726; x_wconf 93' lang='lat' dir='ltr'>di</span> <span class='ocrx_word' id='word_1_267' title='bbox 992 1679 1088 1737; x_wconf 87' lang='lat' dir='ltr'>uzione,</span> <span class='ocrx_word' id='word_1_268' title='bbox 1103 1684 1198 1742; x_wconf 88' lang='lat' dir='ltr'>quanto</span> <span class='ocrx_word' id='word_1_269' title='bbox 1211 1673 1268 1724; x_wconf 81' lang='lat' dir='ltr'>l&#39;abl.</span> 
     </span>
     <span class='ocr_line' id='line_1_53' title="bbox 832 1743 1269 1814; baseline -0.014 -17"><span class='ocrx_word' id='word_1_270' title='bbox 832 1748 875 1799; x_wconf 89' lang='lat' dir='ltr'>nel</span> <span class='ocrx_word' id='word_1_271' title='bbox 893 1755 981 1798; x_wconf 92' lang='lat' dir='ltr'>nostro</span> <span class='ocrx_word' id='word_1_272' title='bbox 999 1764 1082 1814; x_wconf 82' lang='lat' dir='ltr'>passo,</span> <span class='ocrx_word' id='word_1_273' title='bbox 1096 1747 1238 1797; x_wconf 84' lang='lat' dir='ltr'>trattandosi</span> <span class='ocrx_word' id='word_1_274' title='bbox 1248 1743 1269 1792; x_wconf 89' lang='lat' dir='ltr'>di</span> 
     </span>
     <span class='ocr_line' id='line_1_54' title="bbox 832 1817 1268 1888; baseline -0.009 -20"><span class='ocrx_word' id='word_1_275' title='bbox 832 1826 898 1868; x_wconf 89' lang='lat' dir='ltr'>stato</span> <span class='ocrx_word' id='word_1_276' title='bbox 917 1817 973 1884; x_wconf 84' lang='lat' dir='ltr'>(cir.</span> <span class='ocrx_word' id='word_1_277' title='bbox 993 1821 1084 1888; x_wconf 72' lang='lat' dir='ltr'>addere</span> <span class='ocrx_word' id='word_1_278' title='bbox 1105 1835 1131 1867; x_wconf 87' lang='lat' dir='ltr'>se</span> <span class='ocrx_word' id='word_1_279' title='bbox 1156 1820 1183 1867; x_wconf 91' lang='lat' dir='ltr'>in</span> <span class='ocrx_word' id='word_1_280' title='bbox 1200 1817 1268 1870; x_wconf 82' lang='lat' dir='ltr'>aedes,</span> 
     </span>
     <span class='ocr_line' id='line_1_55' title="bbox 833 1886 1126 1952; baseline -0.003 -14"><span class='ocrx_word' id='word_1_281' title='bbox 833 1891 935 1938; x_wconf 85' lang='lat' dir='ltr'>abditus</span> <span class='ocrx_word' id='word_1_282' title='bbox 954 1891 983 1938; x_wconf 91' lang='lat' dir='ltr'>in</span> <span class='ocrx_word' id='word_1_283' title='bbox 1002 1886 1126 1952; x_wconf 86' lang='lat' dir='ltr'>aedibus).</span> 
     </span>
    </p>
   </div>
   <div class='ocr_carea' id='block_1_7' title="bbox 869 1955 1351 2026">
    <p class='ocr_par' dir='ltr' id='par_1_8' title="bbox 869 1955 1351 2026">
     <span class='ocr_line' id='line_1_56' title="bbox 869 1955 1351 2026; baseline -0.019 -15"><span class='ocrx_word' id='word_1_284' title='bbox 869 1970 929 2026; x_wconf 82' lang='lat'><strong>572.</strong></span> <span class='ocrx_word' id='word_1_285' title='bbox 933 1960 1062 2026; x_wconf 83' lang='lat' dir='ltr'>funditus</span> <span class='ocrx_word' id='word_1_286' title='bbox 1075 1959 1168 2009; x_wconf 86' lang='lat' dir='ltr'>omnis:</span> <span class='ocrx_word' id='word_1_287' title='bbox 1180 1975 1221 2024; x_wconf 90' lang='lat' dir='ltr'>per</span> <span class='ocrx_word' id='word_1_288' title='bbox 1229 1956 1269 2006; x_wconf 84' lang='lat' dir='ltr'>rai·</span> <span class='ocrx_word' id='word_1_289' title='bbox 1350 1955 1351 1962; x_wconf 75' lang='grc'>’</span> 
     </span>
    </p>
   </div>
   <div class='ocr_carea' id='block_1_8' title="bbox 832 2030 1346 3724">
    <p class='ocr_par' dir='ltr' id='par_1_9' title="bbox 832 2030 1267 2450">
     <span class='ocr_line' id='line_1_57' title="bbox 833 2030 1267 2080; baseline -0.014 0"><span class='ocrx_word' id='word_1_290' title='bbox 833 2031 930 2080; x_wconf 77' lang='lat' dir='ltr'>forrare</span> <span class='ocrx_word' id='word_1_291' title='bbox 947 2030 1122 2080; x_wconf 87' lang='lat' dir='ltr'>vivacemente</span> <span class='ocrx_word' id='word_1_292' title='bbox 1134 2030 1154 2078; x_wconf 91' lang='lat' dir='ltr'>il</span> <span class='ocrx_word' id='word_1_293' title='bbox 1166 2035 1267 2078; x_wconf 86' lang='lat' dir='ltr'>concetto</span> 
     </span>
     <span class='ocr_line' id='line_1_58' title="bbox 832 2099 1267 2164; baseline -0.014 -14"><span class='ocrx_word' id='word_1_294' title='bbox 832 2102 859 2150; x_wconf 91' lang='lat' dir='ltr'>di</span> <span class='ocrx_word' id='word_1_295' title='bbox 872 2103 962 2151; x_wconf 82' lang='lat' dir='ltr'>omnis.</span> <span class='ocrx_word' id='word_1_296' title='bbox 976 2101 1105 2150; x_wconf 83' lang='lat' dir='ltr'>Abbiamo</span> <span class='ocrx_word' id='word_1_297' title='bbox 1118 2099 1160 2164; x_wconf 72' lang='lat' dir='ltr'>git</span> <span class='ocrx_word' id='word_1_298' title='bbox 1172 2100 1267 2150; x_wconf 83' lang='lat' dir='ltr'>discorso</span> 
     </span>
     <span class='ocr_line' id='line_1_59' title="bbox 832 2171 1265 2238; baseline -0.016 -17"><span class='ocrx_word' id='word_1_299' title='bbox 832 2172 858 2221; x_wconf 83' lang='lat' dir='ltr'>al</span> <span class='ocrx_word' id='word_1_300' title='bbox 872 2187 895 2222; x_wconf 87' lang='lat' dir='ltr'>v.</span> <span class='ocrx_word' id='word_1_301' title='bbox 909 2171 962 2235; x_wconf 86' lang='lat'>478</span> <span class='ocrx_word' id='word_1_302' title='bbox 975 2172 1001 2221; x_wconf 96' lang='lat' dir='ltr'>di</span> <span class='ocrx_word' id='word_1_303' title='bbox 1014 2179 1104 2238; x_wconf 85' lang='lat' dir='ltr'>questa</span> <span class='ocrx_word' id='word_1_304' title='bbox 1117 2171 1265 2238; x_wconf 88' lang='lat' dir='ltr'>espressione.</span> 
     </span>
     <span class='ocr_line' id='line_1_60' title="bbox 833 2240 1266 2308; baseline -0.012 -16"><span class='ocrx_word' id='word_1_305' title='bbox 833 2243 885 2308; x_wconf 88' lang='lat' dir='ltr'>Qui</span> <span class='ocrx_word' id='word_1_306' title='bbox 903 2240 916 2291; x_wconf 83' lang='grc' dir='ltr'>ὲ</span> <span class='ocrx_word' id='word_1_307' title='bbox 938 2243 1057 2294; x_wconf 84' lang='lat' dir='ltr'>notevole</span> <span class='ocrx_word' id='word_1_308' title='bbox 1082 2244 1199 2292; x_wconf 87' lang='lat' dir='ltr'>l&#39;unione</span> <span class='ocrx_word' id='word_1_309' title='bbox 1207 2240 1266 2306; x_wconf 83' lang='lat' dir='ltr'>sun·</span> 
     </span>
     <span class='ocr_line' id='line_1_61' title="bbox 833 2315 1266 2379; baseline -0.014 -16"><span class='ocrx_word' id='word_1_310' title='bbox 833 2316 928 2366; x_wconf 85' lang='lat' dir='ltr'>ditur...</span> <span class='ocrx_word' id='word_1_311' title='bbox 947 2315 1125 2379; x_wconf 85' lang='lat' dir='ltr'>fundamenti</span> <span class='ocrx_word' id='word_1_312' title='bbox 1131 2333 1143 2373; x_wconf 89' lang='lat'>,·</span> <span class='ocrx_word' id='word_1_313' title='bbox 1170 2329 1192 2363; x_wconf 86' lang='lat' dir='ltr'>v.</span> <span class='ocrx_word' id='word_1_314' title='bbox 1217 2315 1266 2360; x_wconf 82' lang='lat' dir='ltr'>nota</span> 
     </span>
     <span class='ocr_line' id='line_1_62' title="bbox 833 2393 965 2450; baseline -0.008 -15"><span class='ocrx_word' id='word_1_315' title='bbox 833 2393 965 2450; x_wconf 86' lang='lat' dir='ltr'>seguente.</span> 
     </span>
    </p>

    <p class='ocr_par' dir='ltr' id='par_1_10' title="bbox 832 2450 1346 3724">
     <span class='ocr_line' id='line_1_63' title="bbox 876 2450 1269 2522; baseline -0.02 -16"><span class='ocrx_word' id='word_1_316' title='bbox 876 2466 934 2519; x_wconf 85' lang='lat'><strong>573.</strong></span> <span class='ocrx_word' id='word_1_317' title='bbox 964 2457 1096 2522; x_wconf 84' lang='lat' dir='ltr'>principio</span> <span class='ocrx_word' id='word_1_318' title='bbox 1112 2450 1269 2519; x_wconf 77' lang='lat' dir='ltr'>fundamenti</span> 
     </span>
     <span class='ocr_line' id='line_1_64' title="bbox 833 2525 1266 2592; baseline -0.018 -16"><span class='ocrx_word' id='word_1_319' title='bbox 833 2549 868 2570; x_wconf 58' lang='lat' dir='ltr'>a</span> <span class='ocrx_word' id='word_1_320' title='bbox 882 2528 1014 2592; x_wconf 88' lang='lat' dir='ltr'>principio</span> <span class='ocrx_word' id='word_1_321' title='bbox 1032 2527 1061 2576; x_wconf 84' lang='lat' dir='ltr'>in</span> <span class='ocrx_word' id='word_1_322' title='bbox 1077 2544 1128 2592; x_wconf 87' lang='lat' dir='ltr'>quo</span> <span class='ocrx_word' id='word_1_323' title='bbox 1138 2525 1266 2591; x_wconf 81' lang='lat' dir='ltr'>fundetur.</span> 
     </span>
     <span class='ocr_line' id='line_1_65' title="bbox 834 2597 1266 2662; baseline -0.016 -15"><span class='ocrx_word' id='word_1_324' title='bbox 834 2600 932 2662; x_wconf 89' lang='lat' dir='ltr'>Questo</span> <span class='ocrx_word' id='word_1_325' title='bbox 956 2597 1084 2662; x_wconf 85' lang='lat' dir='ltr'>principio</span> <span class='ocrx_word' id='word_1_326' title='bbox 1111 2599 1173 2646; x_wconf 88' lang='lat' dir='ltr'>deve</span> <span class='ocrx_word' id='word_1_327' title='bbox 1199 2607 1266 2644; x_wconf 86' lang='lat' dir='ltr'>essere</span> 
     </span>
     <span class='ocr_line' id='line_1_66' title="bbox 835 2663 1266 2718; baseline -0.014 -2"><span class='ocrx_word' id='word_1_328' title='bbox 835 2669 940 2716; x_wconf 84' lang='lat' dir='ltr'>l&#39;atorno</span> <span class='ocrx_word' id='word_1_329' title='bbox 968 2667 1050 2716; x_wconf 92' lang='lat' dir='ltr'>solido</span> <span class='ocrx_word' id='word_1_330' title='bbox 1075 2668 1107 2718; x_wconf 88' lang='lat' dir='ltr'>ed</span> <span class='ocrx_word' id='word_1_331' title='bbox 1132 2663 1266 2716; x_wconf 86' lang='lat' dir='ltr'>immortale.</span> 
     </span>
     <span class='ocr_line' id='line_1_67' title="bbox 833 2737 1268 2804; baseline -0.014 -17"><span class='ocrx_word' id='word_1_332' title='bbox 833 2739 883 2788; x_wconf 89' lang='lat' dir='ltr'>Nel</span> <span class='ocrx_word' id='word_1_333' title='bbox 901 2737 968 2786; x_wconf 87' lang='lat' dir='ltr'>libro</span> <span class='ocrx_word' id='word_1_334' title='bbox 986 2739 1013 2788; x_wconf 92' lang='lat'>11</span> <span class='ocrx_word' id='word_1_335' title='bbox 1037 2739 1127 2804; x_wconf 83' lang='lat' dir='ltr'>spiegn</span> <span class='ocrx_word' id='word_1_336' title='bbox 1149 2739 1194 2787; x_wconf 89' lang='lat' dir='ltr'>che</span> <span class='ocrx_word' id='word_1_337' title='bbox 1215 2740 1268 2784; x_wconf 86' lang='lat' dir='ltr'>tutte</span> 
     </span>
     <span class='ocr_line' id='line_1_68' title="bbox 833 2807 1270 2860; baseline -0.016 -2"><span class='ocrx_word' id='word_1_338' title='bbox 833 2809 858 2860; x_wconf 93' lang='lat' dir='ltr'>le</span> <span class='ocrx_word' id='word_1_339' title='bbox 876 2809 1030 2859; x_wconf 77' lang='lat' dir='ltr'>circostnnze</span> <span class='ocrx_word' id='word_1_340' title='bbox 1042 2809 1089 2858; x_wconf 89' lang='lat' dir='ltr'>che</span> <span class='ocrx_word' id='word_1_341' title='bbox 1107 2807 1270 2859; x_wconf 80' lang='lat' dir='ltr'>determinans</span> 
     </span>
     <span class='ocr_line' id='line_1_69' title="bbox 833 2879 1270 2946; baseline -0.014 -17"><span class='ocrx_word' id='word_1_342' title='bbox 833 2880 859 2929; x_wconf 88' lang='lat' dir='ltr'>la</span> <span class='ocrx_word' id='word_1_343' title='bbox 871 2889 952 2931; x_wconf 88' lang='lat' dir='ltr'>morte</span> <span class='ocrx_word' id='word_1_344' title='bbox 966 2881 1007 2930; x_wconf 86' lang='lat' dir='ltr'>dei</span> <span class='ocrx_word' id='word_1_345' title='bbox 1020 2881 1090 2946; x_wconf 87' lang='lat' dir='ltr'>corpi</span> <span class='ocrx_word' id='word_1_346' title='bbox 1103 2895 1167 2929; x_wconf 88' lang='lat' dir='ltr'>sono</span> <span class='ocrx_word' id='word_1_347' title='bbox 1179 2879 1270 2927; x_wconf 84' lang='lat' dir='ltr'>lontane</span> 
     </span>
     <span class='ocr_line' id='line_1_70' title="bbox 833 2950 1269 3015; baseline 0.002 -16"><span class='ocrx_word' id='word_1_348' title='bbox 833 2951 903 3015; x_wconf 85' lang='lat' dir='ltr'>dagli</span> <span class='ocrx_word' id='word_1_349' title='bbox 921 2951 1007 3010; x_wconf 83' lang='lat' dir='ltr'>atomi,</span> <span class='ocrx_word' id='word_1_350' title='bbox 1027 2967 1065 3000; x_wconf 84' lang='lat' dir='ltr'>vv.</span> <span class='ocrx_word' id='word_1_351' title='bbox 1086 2950 1182 3012; x_wconf 86' lang='lat'>861·4:</span> <span class='ocrx_word' id='word_1_352' title='bbox 1202 2961 1269 2994; x_wconf 71' lang='lat' dir='ltr'>tom·</span> 
     </span>
     <span class='ocr_line' id='line_1_71' title="bbox 833 3021 1270 3086; baseline -0.016 -16"><span class='ocrx_word' id='word_1_353' title='bbox 833 3024 878 3070; x_wconf 88' lang='lat' dir='ltr'>nia</span> <span class='ocrx_word' id='word_1_354' title='bbox 903 3023 958 3071; x_wconf 88' lang='lat' dir='ltr'>sint</span> <span class='ocrx_word' id='word_1_355' title='bbox 974 3039 990 3069; x_wconf 88' lang='lat' dir='ltr'>a</span> <span class='ocrx_word' id='word_1_356' title='bbox 1010 3023 1152 3086; x_wconf 82' lang='lat' dir='ltr'>principiis</span> <span class='ocrx_word' id='word_1_357' title='bbox 1169 3021 1270 3070; x_wconf 82' lang='lat' dir='ltr'>seiuncta</span> 
     </span>
     <span class='ocr_line' id='line_1_72' title="bbox 833 3088 1271 3151; baseline -0.018 -9"><span class='ocrx_word' id='word_1_358' title='bbox 833 3100 960 3151; x_wconf 77' lang='lat' dir='ltr'>necessest,</span> <span class='ocrx_word' id='word_1_359' title='bbox 979 3094 1144 3142; x_wconf 83' lang='lat' dir='ltr'>Imntertalia</span> <span class='ocrx_word' id='word_1_360' title='bbox 1167 3093 1190 3142; x_wconf 89' lang='lat' dir='ltr'>si</span> <span class='ocrx_word' id='word_1_361' title='bbox 1208 3088 1271 3138; x_wconf 86' lang='lat' dir='ltr'><em>volu·</em></span> 
     </span>
     <span class='ocr_line' id='line_1_73' title="bbox 833 3159 1346 3228; baseline -0.01 -16"><span class='ocrx_word' id='word_1_362' title='bbox 833 3179 890 3212; x_wconf 86' lang='lat' dir='ltr'>neus</span> <span class='ocrx_word' id='word_1_363' title='bbox 902 3165 1055 3228; x_wconf 76' lang='lat' dir='ltr'>subiungere</span> <span class='ocrx_word' id='word_1_364' title='bbox 1066 3165 1142 3212; x_wconf 87' lang='lat' dir='ltr'>rebus</span> <span class='ocrx_word' id='word_1_365' title='bbox 1161 3159 1270 3211; x_wconf 76' lang='lat' dir='ltr'>Funde·</span> <span class='ocrx_word' id='word_1_366' title='bbox 1345 3205 1346 3208; x_wconf 75' lang='grc'>,</span> 
     </span>
     <span class='ocr_line' id='line_1_74' title="bbox 833 3235 1271 3297; baseline -0.016 -16"><span class='ocrx_word' id='word_1_367' title='bbox 833 3243 946 3292; x_wconf 83' lang='lat' dir='ltr'>retenta,</span> <span class='ocrx_word' id='word_1_368' title='bbox 964 3235 1056 3297; x_wconf 85' lang='lat' dir='ltr'>quibus</span> <span class='ocrx_word' id='word_1_369' title='bbox 1070 3235 1173 3282; x_wconf 85' lang='lat' dir='ltr'>nitatur</span> <span class='ocrx_word' id='word_1_370' title='bbox 1184 3243 1271 3282; x_wconf 79' lang='lat' dir='ltr'>sumne</span> 
     </span>
     <span class='ocr_line' id='line_1_75' title="bbox 832 3298 1273 3354; baseline -0.016 -2"><span class='ocrx_word' id='word_1_371' title='bbox 832 3305 926 3353; x_wconf 86' lang='lat' dir='ltr'>salutis</span> <span class='ocrx_word' id='word_1_372' title='bbox 945 3304 986 3352; x_wconf 90' lang='lat' dir='ltr'>Ne</span> <span class='ocrx_word' id='word_1_373' title='bbox 1005 3305 1051 3352; x_wconf 87' lang='lat' dir='ltr'>tibi</span> <span class='ocrx_word' id='word_1_374' title='bbox 1064 3320 1106 3352; x_wconf 92' lang='lat' dir='ltr'>res</span> <span class='ocrx_word' id='word_1_375' title='bbox 1124 3305 1227 3354; x_wconf 85' lang='lat' dir='ltr'>redeant</span> <span class='ocrx_word' id='word_1_376' title='bbox 1241 3298 1273 3346; x_wconf 84' lang='lat' dir='ltr'>ad</span> 
     </span>
     <span class='ocr_line' id='line_1_76' title="bbox 833 3373 1271 3438; baseline -0.014 -16"><span class='ocrx_word' id='word_1_377' title='bbox 833 3373 917 3423; x_wconf 88' lang='lat' dir='ltr'>nilum</span> <span class='ocrx_word' id='word_1_378' title='bbox 937 3374 1130 3438; x_wconf 83' lang='lat' dir='ltr'>funditus</span> <span class='ocrx_word' id='word_1_379' title='bbox 1156 3387 1235 3422; x_wconf 86' lang='lat' dir='ltr'>omnes</span> <span class='ocrx_word' id='word_1_380' title='bbox 1253 3387 1271 3416; x_wconf 73' lang='grc' dir='ltr'>ι.</span> 
     </span>
     <span class='ocr_line' id='line_1_77' title="bbox 833 3441 1345 3511; baseline -0.014 -19"><span class='ocrx_word' id='word_1_381' title='bbox 833 3445 884 3494; x_wconf 91' lang='lat' dir='ltr'>Nel</span> <span class='ocrx_word' id='word_1_382' title='bbox 912 3452 998 3494; x_wconf 88' lang='lat' dir='ltr'>nostro</span> <span class='ocrx_word' id='word_1_383' title='bbox 1023 3461 1098 3511; x_wconf 84' lang='lat' dir='ltr'>passo</span> <span class='ocrx_word' id='word_1_384' title='bbox 1123 3442 1270 3510; x_wconf 84' lang='lat' dir='ltr'>principium</span> <span class='ocrx_word' id='word_1_385' title='bbox 1344 3441 1345 3454; x_wconf 66' lang='lat'>¹</span> 
     </span>
     <span class='ocr_line' id='line_1_78' title="bbox 833 3512 1270 3581; baseline -0.011 -17"><span class='ocrx_word' id='word_1_386' title='bbox 833 3531 886 3564; x_wconf 88' lang='lat' dir='ltr'>non</span> <span class='ocrx_word' id='word_1_387' title='bbox 899 3512 913 3564; x_wconf 78' lang='grc' dir='ltr'>ὲ</span> <span class='ocrx_word' id='word_1_388' title='bbox 926 3517 969 3566; x_wconf 91' lang='lat' dir='ltr'>nel</span> <span class='ocrx_word' id='word_1_389' title='bbox 986 3516 1130 3581; x_wconf 87' lang='lat' dir='ltr'>significato</span> <span class='ocrx_word' id='word_1_390' title='bbox 1142 3517 1168 3566; x_wconf 91' lang='lat' dir='ltr'>di</span> <span class='ocrx_word' id='word_1_391' title='bbox 1180 3513 1270 3564; x_wconf 78' lang='lat' dir='ltr'>initium</span> 
     </span>
     <span class='ocr_line' id='line_1_79' title="bbox 833 3580 1271 3652; baseline -0.007 -17"><span class='ocrx_word' id='word_1_392' title='bbox 833 3601 906 3636; x_wconf 87' lang='lat' dir='ltr'>come</span> <span class='ocrx_word' id='word_1_393' title='bbox 925 3589 952 3636; x_wconf 86' lang='lat' dir='ltr'>in</span> <span class='ocrx_word' id='word_1_394' title='bbox 970 3603 993 3637; x_wconf 86' lang='lat' dir='ltr'>v.</span> <span class='ocrx_word' id='word_1_395' title='bbox 1014 3601 1072 3651; x_wconf 80' lang='lat'>339,</span> <span class='ocrx_word' id='word_1_396' title='bbox 1094 3599 1234 3652; x_wconf 87' lang='lat' dir='ltr'>eneppure</span> <span class='ocrx_word' id='word_1_397' title='bbox 1249 3580 1271 3628; x_wconf 78' lang='lat' dir='ltr'>in</span> 
     </span>
     <span class='ocr_line' id='line_1_80' title="bbox 834 3650 1269 3724; baseline -0.009 -18"><span class='ocrx_word' id='word_1_398' title='bbox 834 3659 922 3724; x_wconf 83' lang='lat' dir='ltr'>quello</span> <span class='ocrx_word' id='word_1_399' title='bbox 934 3659 990 3710; x_wconf 77' lang='lat' dir='ltr'>dise</span> <span class='ocrx_word' id='word_1_400' title='bbox 1005 3666 1090 3709; x_wconf 87' lang='lat' dir='ltr'>atomo</span> <span class='ocrx_word' id='word_1_401' title='bbox 1106 3677 1118 3701; x_wconf 80' lang='grc' dir='ltr'><strong><em>ι</em></strong></span> <span class='ocrx_word' id='word_1_402' title='bbox 1134 3650 1269 3708; x_wconf 83' lang='lat' dir='ltr'>individual-</span> 
     </span>
    </p>
   </div>
   <div class='ocr_carea' id='block_1_9' title="bbox 0 0 1390 4294">
    <p class='ocr_par' dir='ltr' id='par_1_11' title="bbox 0 0 1390 4294">
     <span class='ocr_line' id='line_1_81' title="bbox 0 0 1390 4294; baseline 0 0"><span class='ocrx_word' id='word_1_403' title='bbox 0 0 1390 4294; x_wconf 95' lang='lat' dir='ltr'> </span> 
     </span>
    </p>
   </div>
  </div>
 </body>
</html>
