2756 4294
460 283 503 326 DE
526 284 636 326 RERUM
659 283 800 327 NATURA.

1045 288 1109 346 109

146 422 256 483 essent,
279 418 358 486 'quae
381 411 448 471 loca
470 413 657 487 complerent
679 429 884 488 quaecumque
907 420 1054 488 tenerent,

148 519 239 560 omne
262 500 345 576 quod
369 510 414 558 est
436 498 571 578 spatium,
596 518 723 560 vacuum
746 509 896 560 constaret
918 498 1016 560 inane.

148 588 270 649 alternis
292 587 389 665 igitur,
415 587 563 659 nimirum,
589 607 698 665 corpus
720 587 802 647 inani

147 676 360 750 distinctumst,
386 677 528 754 quoniam
551 697 607 737 nec
630 678 754 754 plenum
777 675 892 736 naviter
915 687 995 737 extat
1044 695 1107 756 525

145 785 205 825 nec
226 786 316 844 porro
340 783 484 826 vacuum:
521 775 591 825 sunt
613 785 684 843 ergo
707 785 833 842 corpora
855 775 943 838 certa,

145 874 223 930 quae
247 854 376 932 spatium
399 856 491 932 pleno
514 853 629 933 possint
651 853 832 932 distinguere
850 853 948 916 inane.

145 945 222 1003 haec
244 961 344 1020 neque
367 942 490 1003 dissolui
512 943 606 1022 plagis
630 942 812 1003 extrinsecus
834 942 893 1004 icta

145 1042 272 1110 possunt
294 1051 351 1092 nec
375 1052 465 1110 porro
488 1031 607 1110 penitus
630 1042 786 1109 penetrata
807 1030 902 1092 retexi

145 1140 204 1181 nec
226 1119 341 1180 ratione
364 1131 478 1198 queunt
501 1121 559 1180 alia
580 1130 725 1199 temptata
747 1121 857 1192 labare,

145 1423 217 1472 sione
237 1421 344 1481 infinita,
365 1438 406 1470 ma
428 1437 476 1470 con
495 1421 596 1471 dimen-

146 1495 218 1544 sione
237 1493 350 1542 definita.
372 1493 404 1541 V.
425 1510 439 1541 3
458 1509 480 1542 v.
501 1495 560 1558 675.

183 1575 243 1628 524.
254 1565 376 1614 alternis:
388 1563 506 1614 avverbio
518 1583 523 1614 ι
539 1584 551 1608 ι
563 1563 598 1612 31·

146 1641 306 1686 ternamente
323 1653 343 1684 ι,

180 1716 241 1770 525.
272 1707 466 1755 distinstumst:
491 1707 500 1754 i
524 1707 597 1758 codd.

144 1779 302 1826 distinctum.
332 1776 451 1826 Corresse
480 1777 499 1824 il
522 1777 598 1827 Bem-

143 1848 223 1898 bino:
237 1847 365 1896 accolsero
379 1847 480 1908 Munro,
490 1848 597 1908 Goebel,

143 1918 327 1983 Stuerenburg,
343 1918 455 1982 Brieger,
476 1919 522 1968 che
535 1915 597 1985 perd

142 2005 255 2054 suppose
286 2005 336 2038 una
364 1989 455 2038 lacuna
485 1991 552 2056 dopo
567 1990 598 2039 eil

145 2070 213 2124 5243
233 2059 286 2108 cosi
305 2076 368 2124 pure
392 2059 411 2108 il
430 2061 557 2121 Giussani,
578 2061 597 2110 il

142 2131 220 2196 quale
251 2131 414 2180 avvalendosi
441 2131 510 2181 della
536 2148 596 2198 sup·

142 2210 217 2267 posta
229 2201 321 2250 lacuna
330 2201 407 2250 lascia
416 2209 482 2252 stare
492 2204 596 2252 distinc-

143 2281 207 2322 tum.
222 2269 356 2322 Senonche
375 2273 397 2321 si
415 2274 483 2322 noti:
503 2273 523 2322 il
536 2289 594 2322 con·

141 2351 210 2394 cetto
224 2339 238 2390 ὲ
252 2343 339 2408 quello
353 2343 399 2392 che
414 2345 458 2394 noi
475 2344 595 2396 abbiamo

142 2416 261 2478 spiegato
280 2431 295 2462 a
313 2415 445 2480 proposito
464 2415 507 2464 del
526 2423 595 2464 certa

141 2487 184 2534 del
204 2491 227 2534 t.
248 2496 315 2548 521:
336 2485 360 2533 13
382 2485 489 2534 materia
509 2501 561 2534 non
581 2483 595 2534 ὲ

140 2572 194 2606 una
219 2557 274 2604 sola
298 2573 381 2605 massa
405 2557 494 2618 solida,
520 2574 562 2606 ma
581 2553 595 2604 ὲ

141 2627 287 2676 distribuita
306 2643 357 2692 qua
376 2645 390 2678 e
410 2625 434 2676 11
447 2629 473 2676 10
490 2627 595 2677 definite

139 2698 273 2764 poizioni3
300 2699 336 2747 ed
368 2694 381 2746 ὲ
412 2698 522 2748 limitata
552 2699 594 2746 dal

140 2776 226 2819 vuoto.
247 2769 444 2833 L¹espressione
463 2769 594 2834 oompiuta

140 2841 265 2889 sarebbe:
286 2839 470 2890 alternamente
495 2841 520 2888 la
538 2857 591 2888 ma-

139 2911 204 2960 teria
222 2907 236 2958 ὲ
257 2911 433 2960 iniramezzata
454 2912 496 2960 dal
515 2919 593 2960 vuoto

137 2997 152 3031 e
167 2981 188 3030 il
199 2988 279 3030 vuoto
292 2983 360 3030 (13113
369 2982 488 3041 materia;
503 2991 594 3047 questa

139 3051 251 3102 secondo
270 3060 340 3118 parte
354 3067 461 3114 manca;
482 3070 523 3102 ma
539 3069 592 3102 non

139 3138 182 3172 era
200 3124 349 3182 necessaria,
365 3130 436 3173 13310
449 3121 494 3188 piu
507 3140 591 3173 essen-

139 3195 199 3242 dovi
227 3195 244 3242 l'
256 3195 372 3244 alternis.
401 3195 512 3257 Quando
537 3195 591 3259 leg·

138 3265 242 3328 giamo:
263 3265 362 3328 Orazio,
388 3266 474 3328 Epist.
500 3267 520 3327 Ι,
549 3279 588 3328 ιο,

139 3347 174 3396 29
198 3355 210 3379 ι
230 3337 277 3399 qui
294 3353 346 3383 non
363 3338 460 3400 poterit
472 3352 533 3384 vero
552 3339 591 3384 di-

139 3409 272 3471 stinguere
276 3403 382 3469 salsum
397 3427 408 3450 3
425 3407 590 3456 richiediamo

137 3477 207 3526 forse
220 3478 267 3526 che
280 3478 302 3524 si
315 3477 459 3541 aggiunga:
480 3487 505 3526 et
513 3478 590 3541 salso

135 3552 250 3596 verume³
268 3548 307 3597 Lo
326 3558 406 3597 stesso
424 3549 446 3598 si
465 3546 517 3614 pud
536 3549 590 3599 dire

135 3617 164 3666 di
188 3619 250 3668 tutti
275 3619 312 3683 gli
339 3619 396 3668 altri
426 3620 539 3684 esempii.
567 3619 590 3668 11

1042 1137 1104 1198 530

651 1422 791 1472 richiedere
820 1421 902 1471 anche
933 1421 958 1469 13
995 1422 1105 1471 seconda

652 1502 724 1558 purte
743 1493 824 1558 parmi
843 1493 998 1557 pedanteria.

690 1565 750 1628 526.
776 1571 885 1626 corpora
909 1571 996 1613 certa:
1024 1564 1104 1614 anche

654 1637 698 1700 qui
721 1655 732 1678 ι
748 1633 846 1684 definiti
865 1634 891 1682 di
906 1634 1066 1684 dimensione
1081 1653 1104 1700 ι,

652 1721 725 1756 come
744 1705 833 1756 risnlta
852 1705 967 1754 evidente
987 1705 1029 1752 dal
1042 1720 1104 1756 con-

652 1785 784 1842 trapposto
802 1789 851 1824 con
870 1793 914 1826 nec
927 1776 1036 1839 plenum
1056 1793 1104 1824 na-

651 1850 718 1897 viter
739 1855 817 1896 extat.

688 1930 748 1985 527.
776 1919 799 1967 11
829 1917 902 1968 Polle
932 1917 958 1966 lo
989 1915 1103 1967 dichiard

651 1992 738 2056 spurio
755 2006 801 2054 per
818 1991 884 2040 l’uso
902 1988 1056 2052 aggettivale
1076 1990 1103 2038 di

650 2063 729 2110 inane
747 2061 852 2125 (Philet.
866 2060 949 2118 XXV,
965 2061 1036 2122 270).
1057 2060 1102 2109 Ma

625 2174 628 2178 .
651 2133 701 2182 tale
720 2149 766 2182 nso
786 2129 799 2180 ὲ
818 2149 881 2197 pure
899 2131 943 2180 nel
962 2147 984 2178 v.
1000 2141 1059 2195 523.
1078 2133 1102 2180 E

650 2203 669 2251 il
688 2204 760 2252 Polie
786 2201 856 2253 tentd
881 2203 962 2251 anche
994 2203 1083 2267 quello
1094 2206 1104 2250 1

650 2273 673 2322 Ο
701 2271 794 2339 perche
825 2275 876 2322 mai
899 2274 1023 2322 Lucrezio
1047 2288 1101 2322 non

649 2353 741 2410 poteva
760 2345 897 2410 adoperare
910 2346 989 2392 inane
1001 2344 1026 2391 al
1039 2360 1102 2393 neu·

649 2424 688 2464 tro
701 2432 773 2464 come
783 2416 920 2478 aggeum,
932 2430 958 2462 se
971 2415 1101 2480 l’adopera

648 2503 694 2552 per
714 2487 750 2550 gli
768 2487 826 2534 altri
838 2485 946 2549 generi?
965 2485 1042 2534 Nella
1054 2501 1099 2550 po·

648 2555 717 2607 verta
735 2557 762 2605 di
781 2556 938 2620 linguaggio,
964 2555 990 2602 di
1017 2557 1059 2604 cui
1078 2557 1099 2604 si

647 2629 731 2692 lagna,
746 2629 767 2676 si
786 2628 891 2678 sarebbe
911 2627 1022 2690 imposto
1036 2643 1098 2690 que·

647 2705 686 2750 ste
704 2699 854 2748 limitazioni
877 2696 1027 2746 arbitrarie?

683 2779 742 2834 529·
753 2776 889 2834 penetrata
899 2787 907 2818 .·
926 2768 970 2832 qui
983 2767 1011 2816 in
1024 2783 1099 2817 senso

647 2842 748 2906 passivo
759 2860 764 2903 3
785 2837 800 2888 ὲ
813 2841 951 2904 adoperato
964 2838 1051 2888 iuvece
1070 2839 1099 2888 in

646 2927 721 2962 senso
736 2918 827 2962 neutro
837 2911 864 2959 in
874 2911 918 2966 IV,
932 2909 1013 2972 1246:
1028 2930 1039 2952 e
1052 2919 1101 2959 aut

641 2991 783 3046 penetrare
810 2984 875 3031 locvs
903 2997 981 3045 aeque
1009 2983 1100 3045 nequit

645 3061 694 3102 aut
707 3061 873 3116 penetratum
887 3051 934 3118 (=
948 3067 1007 3101 cum
1019 3068 1098 3116 pene-

646 3122 733 3188 travit)
746 3140 823 3190 aegre
834 3125 991 3173 admiscetur
1006 3141 1028 3172 ι,
1049 3121 1098 3170 Col

640 3195 748 3259 pertitus
770 3201 910 3258 penetrata
938 3193 1023 3242 allude
1052 3194 1097 3257 qui

645 3265 665 3313 il
683 3273 759 3329 poeta
777 3265 820 3313 all’
831 3265 919 3314 anione
938 3264 980 3313 del
1007 3264 1097 3312 freddo

645 3352 659 3385 e
678 3337 721 3385 dei
740 3337 813 3385 caldo
833 3337 924 3399 quibus
937 3337 1023 3383 omnia
1036 3351 1097 3382 eon·

637 3407 771 3468 ficiuntur
789 3404 824 3471 (v.
846 3406 917 3470 535).
944 3431 976 3440 —
996 3407 1094 3454 retexi:

643 3478 794 3541 Bernays‚
823 3479 946 3526 Gesamrrt.
966 3477 1100 3526 Attandl.

643 3549 678 3607 11,
697 3565 722 3612 p.
737 3543 784 3612 56:
807 3567 818 3592 ι
833 3543 1001 3608 ἀναλύεσθαι,
1015 3554 1096 3597 textu·

644 3636 698 3670 ram
717 3619 898 3685 particularum
916 3619 1009 3668 resolvi
1031 3637 1053 3668 e.
