2778 4286
301 301 363 357 Ι74

636 296 665 338 T.
691 295 826 340 Locrum
848 295 922 338 CARI

292 423 330 486 in
352 423 484 484 medium
508 441 642 482 summae
666 422 751 499 quod
776 421 882 483 dicunt
903 421 1005 482 omnia
1027 420 1090 495 niti,

298 524 388 589 atque
410 512 479 572 ideo
498 511 603 572 mundi
626 521 765 572 naturam
789 508 867 572 s’tare
889 511 954 570 sine
977 510 1045 570 ullis

294 601 404 662 ictibus
427 600 555 661 externis
576 619 677 678 neque
699 619 853 677 quoquam
877 617 964 678 posse
988 597 1097 660 resolvi
1176 613 1258 677 1055

294 710 413 751 summa
435 699 524 766 atque
547 689 615 764 ima,
641 689 724 765 quod
749 687 781 748 in
804 687 938 749 medium
962 687 1021 749 sint
1043 686 1146 749 omnia
1167 687 1260 763 nixa3

293 777 407 858 (ipsum
431 778 456 839 si
479 777 638 856 quicquam
662 797 752 856 posse
776 776 863 838 inse
887 777 990 838 sistere
1013 776 1122 856 credis)

298 879 329 930 et
351 887 427 946 quae
450 868 585 947 pondera
608 867 666 927 sint
690 869 748 927 sub
772 865 857 927 terris
881 865 983 926 omnia
1006 885 1121 928 sursum

299 1151 403 1202 Socrate
416 1151 501 1201 chela
520 1158 585 1200 terra
598 1145 612 1198 ὲ
624 1151 651 1199 di
670 1149 754 1198 forma

297 1223 396 1281 sserica,
422 1239 436 1272 e
458 1222 505 1272 che
529 1221 546 1270 1'
557 1221 695 1286 equilibrio
726 1220 753 1268 di

299 1293 336 1343 tal
349 1293 431 1343 forma
445 1294 470 1342 la
482 1293 552 1342 salva
564 1292 632 1342 dalle
645 1293 752 1341 cadute:

297 1360 394 1428 ἷκανὴν
412 1361 477 1414 εἶναι
501 1358 583 1427 αὐτὴν
608 1361 688 1427 ἴσχειν
707 1365 753 1425 τῆς

297 1439 347 1500 γῆς
365 1431 445 1499 αὐτῆς
466 1431 513 1500 τὴν
531 1431 692 1499 ι’σορροπίαν.
711 1433 753 1482 Da

299 1507 407 1556 Platone
436 1506 461 1554 la
488 1507 599 1555 dottrina
624 1501 700 1570 passo
728 1503 753 1552 ai

299 1577 462 1641 Peripatetici
481 1595 495 1627 e
515 1578 566 1640 agli
586 1577 673 1627 Stoici.
699 1574 753 1625 cfr.

299 1649 330 1698 L.
342 1647 483 1712 Oettinger,
492 1650 543 1698 Dic
555 1647 753 1712 Vorstellungen

300 1721 346 1769 der
364 1720 430 1768 alter
447 1720 569 1769 Gricchrn
588 1720 648 1768 und
659 1721 753 1767 Remer

299 1792 362 1839 ather
379 1792 418 1839 a'ie
430 1792 503 1841 Erde
515 1791 555 1839 als
566 1789 752 1839 Himmelrkb'r·

298 1869 355 1926 per,
375 1861 501 1925 Freiburg
519 1861 536 1912 i.
555 1862 584 1910 B.
606 1859 690 1925 185o;
710 1860 752 1909 W.

300 1932 428 1992 Schaefer,
441 1931 632 1996 Entwicklung
642 1933 687 1980 der
698 1933 754 1980 An·

299 2003 395 2052 sichten
428 2006 470 2052 des
502 2003 662 2052 Altertkums
691 2003 754 2050 iiber

304 2073 402 2122 Gestalt
419 2075 477 2123 und
497 2074 587 2122 Grb'sse
606 2074 651 2120 der
673 2073 752 2130 Erde,

302 2145 452 2208 Insterburg
474 2142 556 2200 1868:
577 2142 753 2208 Th.Keppe1,

301 2216 352 2264 Dic
372 2215 513 2264 Ansiclrten
533 2216 578 2263 der
597 2213 667 2264 alten
683 2215 754 2263 Gric-

301 2285 363 2334 chen
382 2286 441 2334 und
455 2287 548 2334 lr'ir'mer
566 2301 617 2333 non
641 2286 686 2335 der
709 2285 753 2334 Ge-

298 2356 371 2414 111111,
392 2356 484 2405 Gr'o'sse
502 2357 561 2405 und
574 2356 758 2422 Weltstcllung

302 2427 349 2475 der
369 2428 450 2486 Erde,
477 2427 655 2487 schweinfurt‚
677 2426 754 2488 1884.

301 2500 371 2550 Sono
385 2499 498 2549 notevoli
510 2497 590 2547 infine
608 2499 617 2547 i
636 2498 754 2563 seguenti

301 2569 370 2634 passi
393 2569 419 2617 di
439 2569 579 2620 Cicerone:
604 2570 642 2618 N.
661 2571 697 2619 D.
720 2569 753 2633 11,

299 2640 336 2702 46
362 2660 374 2684 ι
391 2642 435 2689 ·In
453 2643 554 2690 aethere
571 2648 657 2689 autem
680 2648 755 2690 astra

296 2711 445 2762 volvuntur
464 2728 530 2775 qnae
548 2727 574 2760 se
593 2718 617 2759 et
634 2713 695 2760 nisu
708 2727 755 2760 suo

302 2782 450 2847 conglobata
469 2783 608 2838 continent,
626 2789 652 2831 et
659 2783 755 2846 forma

297 2852 358 2916 ipsa
361 2852 504 2917 figuraque
513 2869 561 2900 sua
574 2861 701 2902 momenta
713 2869 756 2901 su-

302 2930 433 2972 stentant:
451 2930 515 2972 sunt
532 2925 598 2973 enim
611 2925 727 2972 rotunda
742 2943 754 2966 ι

298 2989 375 3056 (nisu
394 3009 471 3042 suo«
495 2993 521 3042 la
534 2993 602 3044 sorra
621 2994 647 3042 di
659 2991 756 3058 gravit&

303 3079 376 3114 verso
406 3064 425 3113 il
453 3071 539 3114 centro
570 3081 597 3126 ις
629 3073 756 3116 momenta

302 3133 452 3185 sustentant
483 3155 495 3179 ι
528 3137 549 3186 si
580 3141 755 3200 mantengono

299 3205 331 3254 in
350 3205 499 3270 equilibrio)
515 3224 543 3268 »ς
564 3207 609 3256 cfr.
629 3207 710 3256 anche
729 3207 756 3258 in

304 3276 339 3336 11.
359 3289 410 3341 393
430 3287 472 3342 45,
495 3287 553 3342 115-

343 3357 419 3412 1053.
438 3353 467 3398 in
486 3349 597 3398 medium
608 3384 650 3400 ...
670 3349 757 3399 omnia

300 3418 368 3468 niti:
387 3418 440 3469 Cfr.
460 3421 497 3470 Ν,
512 3421 546 3470 D.
566 3421 600 3478 11,
621 3429 654 3484 45
676 3441 689 3465 ι
705 3435 757 3469 om·

303 3488 380 3538 nibus
398 3491 452 3541 eius
470 3486 581 3558 [terrae]
598 3491 626 3539 in
646 3492 758 3540 maelium

300 3563 465 3626 vergentibus
483 3559 526 3627 (id
540 3569 626 3612 autem
646 3563 757 3612 medium

298 3631 421 3694 lnfimum
440 3634 469 3683 in
491 3633 602 3698 sphaera
620 3629 670 3700 est)
690 3652 713 3684 ι.
733 3633 759 3683 Il

808 1149 903 1198 Munro
929 1164 997 1214 pone
1025 1149 1097 1214 quod
1120 1149 1222 1206 dicunt,
1248 1165 1264 1198 a

809 1221 859 1268 mo¹
880 1220 904 1268 d’
913 1219 1002 1281 inciso,
1023 1227 1061 1270 tra
1077 1219 1127 1270 due
1146 1219 1263 1284 virgole:

809 1291 835 1339 in
855 1291 890 1339 tal
903 1306 962 1340 caso
983 1292 1069 1340 omnia
1082 1291 1134 1340 niti
1151 1286 1165 1338 ὲ
1184 1290 1262 1356 espli·

808 1362 891 1410 nativo
910 1362 937 1410 di
956 1362 1031 1411 illud.
1051 1361 1073 1411 Il
1086 1363 1160 1425 quod
1172 1363 1266 1412 dicunt

809 1433 853 1500 poi
872 1433 891 1480 il
907 1433 1001 1482 Munro
1014 1431 1128 1482 riserisce
1146 1447 1201 1480 non
1212 1433 1264 1482 atla

808 1504 863 1552 sola
876 1503 964 1568 parola
977 1505 1096 1561 medium,
1113 1519 1155 1552 ma
1169 1520 1185 1552 a
1197 1510 1264 1554 tutta

809 1576 891 1625 intera
919 1574 944 1622 ia
968 1574 1147 1640 proposizione
1173 1595 1209 1616 =
1236 1575 1266 1624 id

809 1647 880 1709 quod
896 1647 993 1695 dicunt.

848 1725 923 1780 1054.
943 1716 1072 1765 simultis
1085 1717 1194 1766 ictibus:
1207 1711 1265 1766 cioe

809 1803 883 1836 senza
902 1787 957 1846 che,
971 1803 1017 1852 per
1034 1787 1161 1852 ispiegare
1180 1787 1206 1836 la
1224 1803 1264 1838 re-

809 1858 918 1908 sistenza
937 1858 980 1908 del
999 1858 1101 1917 mondo,
1122 1859 1148 1906 vi
1169 1857 1208 1906 sia
1225 1859 1265 1907 bi-

808 1945 891 1994 sogno
927 1929 954 1978 di
984 1929 1106 1978 ricorrere
1136 1929 1187 1993 agl'
1199 1930 1266 1980 ictus

808 2000 878 2064 degli
888 1999 967 2050 atomi
979 2000 1080 2051 esterni.
1090 1998 1143 2049 Cfr.
1153 2015 1177 2053 v.
1188 2013 1264 2063 1004.

847 2081 922 2136 1055.
952 2086 1101 2135 quoquam:
1129 2067 1218 2136 percio
1245 2071 1265 2120 il

809 2144 905 2192 mondo
933 2158 985 2191 non
1014 2138 1066 2206 puo
1094 2141 1265 2206 disciogliersi

809 2214 841 2262 da
860 2229 957 2264 veruna
975 2219 1055 2279 parte.
1074 2213 1097 2263 11
1115 2220 1194 2278 poeta
1213 2229 1266 2262 non

809 2290 901 2350 poteva
926 2285 981 2334 dire
1006 2303 1018 2328 1
1039 2283 1140 2333 dissarsi
1161 2285 1190 2333 in
1212 2291 1267 2334 ato·

809 2355 845 2404 mi
858 2374 879 2416 ι,
890 2352 984 2421 perche
996 2362 1086 2421 queste
1099 2355 1188 2420 parole
1201 2369 1266 2404 sono

809 2442 891 2476 messe
910 2427 937 2476 in
956 2427 1063 2475 boccan
1081 2425 1220 2491 pertigiani
1238 2427 1266 2476 di

809 2498 897 2548 scnole
926 2499 973 2548 che
997 2512 1051 2547 non
1075 2504 1266 2548 ammettevano

809 2567 846 2632 gli
865 2569 953 2620 atomi.

848 2641 924 2703 1056.
945 2640 1031 2704 quod:
1052 2639 1107 2689 ideo
1126 2637 1265 2706 (1054)...

810 2712 887 2774 quod.

849 2791 926 2846 1057.
963 2781 1050 2832 Inciso
1088 2779 1196 2832 ironico.
1233 2781 1268 2832 ΑΙ

811 2859 888 2918 poeta
908 2869 968 2918 pare
990 2853 1096 2902 assurdo
1118 2852 1167 2902 che
1187 2852 1207 2901 il
1224 2868 1267 2902 so·

811 2930 903 2986 stegno
931 2925 958 2972 di
986 2939 1038 2972 una
1064 2938 1123 2973 cosa
1151 2939 1205 2972 non
1229 2923 1268 2973 sia

811 2994 880 3044 fuori
899 2994 968 3046 della
986 3009 1047 3043 cosa
1064 3001 1153 3044 stessa.
1173 2996 1267 3044 Invece

812 3066 833 3114 si
858 3066 971 3116 riteneva
988 3065 1014 3113 la
1038 3065 1105 3116 sfera
1129 3079 1218 3116 avesse
1240 3065 1269 3116 in

812 3132 841 3186 se
859 3137 885 3186 la
903 3153 949 3186 sua
968 3135 1036 3186 sorra
1054 3136 1079 3185 di
1100 3135 1249 3202 equilibrio.

851 3206 927 3272 1058.
955 3210 1002 3257 sub
1027 3207 1123 3256 terris:
1148 3214 1217 3257 sotto
1242 3207 1268 3256 la

813 3285 887 3340 terra,
901 3274 957 3328 cioe
969 3277 1029 3328 dail’
1037 3278 1101 3329 altra
1114 3284 1186 3343 parte
1198 3277 1269 3329 della

812 3356 886 3412 terra,
915 3349 939 3398 ai
967 3349 1048 3400 nostri
1075 3348 1202 3414 antipodi.
1231 3373 1267 3386 -

813 3436 918 3470 sursum
937 3421 1037 3470 nitier:
1059 3437 1086 3470 se
1105 3420 1155 3469 essi
1175 3426 1269 3470 stanno

813 3497 881 3541 sotto
906 3491 933 3540 di
960 3489 1012 3551 noi,
1038 3507 1052 3541 1
1081 3506 1145 3540 sono
1171 3492 1270 3542 attratti

814 3577 887 3612 verso
907 3562 927 3612 il
949 3569 1044 3622 centro,
1063 3561 1125 3610 vuol
1147 3561 1203 3613 dire
1221 3563 1270 3614 che

815 3647 879 3683 sono
898 3633 993 3683 attratti
1012 3648 1085 3684 verso
1103 3632 1190 3685 l’alto.
