2804 4294
295 306 337 378 48
626 320 657 365 u.
681 317 814 363 nocuum
840 347 846 358 ..
894 352 898 358 .
929 342 938 376 e

295 445 392 508 exitus
414 457 447 507 ut
469 445 555 507 classi
578 443 647 506 felix
670 447 842 523 faustusque
865 446 993 506 daretur.

1189 467 1250 506 100

294 546 411 598 tantum
433 535 538 614 religio
560 534 658 614 potuit
680 535 805 595 suadere
827 537 983 594 malorum.

338 627 479 686 Tutemet
501 645 519 684 a
541 625 630 686 nobis
653 623 711 684 iam
735 621 842 702 quovis
866 633 1002 702 tempore
1026 634 1127 684 vatum

293 713 461 792 terriloquis
485 713 580 776 victus
604 712 690 776 dictis
712 711 876 774 desciscere
899 732 1034 792 quaeres..

293 802 406 882 quippe
429 803 540 865 etenim
564 822 653 880 quam
675 804 770 862 multa
792 801 847 862 tibi
870 801 929 862 iam
952 805 1064 880 fingere
1086 813 1231 880 possunt·

292 893 415 966 somnia,
441 912 517 973 quae
542 891 619 952 vitae
641 890 771 952 rationes
793 901 908 952 vertere
931 891 1053 969 possint»

1189 909 1248 970 105

292 983 485 1060 fortunasque
508 992 573 1042 tuas
598 980 695 1040 omnis
718 982 837 1041 turbare
860 979 984 1042 timore!

292 1080 322 1130 et
344 1071 465 1131 merito:
491 1091 561 1132 nam
584 1070 608 1130 si
631 1081 742 1131 certam
765 1071 856 1129 finem
879 1089 944 1130 esse
971 1069 1107 1130 viderent

291 1179 499 1221 aerumnarum
522 1159 667 1234 homines,
692 1159 791 1236 aliqua
814 1158 929 1218 ratione
952 1161 1085 1219 valerent

289 1248 483 1327 religionibus
504 1259 594 1327 atque
616 1248 707 1310 minis
730 1247 876 1309 obsistere
901 1257 1021 1308 vatum:

290 1357 371 1399 nunc
392 1337 468 1400 ratio
491 1341 601 1400 nullast
622 1337 762 1412 restandi,
786 1339 869 1397 nulla
891 1338 1024 1410 facultas,

1190 1359 1250 1398 110

290 1438 426 1488 aeternas
447 1427 589 1506 quoniam
613 1447 725 1506 poenas
747 1427 780 1488 in
802 1437 900 1487 morte
923 1426 1128 1488 timendumst.

289 1672 367 1723 ciulla
390 1672 411 1722 si
435 1674 498 1724 offre
527 1674 615 1724 invece
642 1674 741 1722 vittima

289 1744 430 1794 volontaria
448 1761 494 1810 per
512 1746 536 1795 la
551 1746 661 1795 saivezzu
673 1744 742 1794 della

291 1816 369 1867 flotta.

328 1900 385 1937 100.
410 1888 537 1937 daretur:
565 1884 619 1938 cioe
643 1904 659 1936 a
683 1887 740 1936 diis.

288 1959 386 2023 Questa
404 1953 418 2006 ὲ
436 1959 461 2007 la
480 1959 569 2026 religio
586 1979 597 2003 ι
613 1958 638 2006 la
652 1974 740 2023 super·

288 2029 394 2080 stizione
412 2049 433 2080 ι.
449 2029 472 2079 ll
484 2037 561 2095 poeta
572 2045 679 2096 prepara
692 2045 740 2080 con

288 2108 380 2167 questo
407 2115 481 2150 verso
499 2102 518 2150 il
536 2100 672 2166 passaggio
691 2101 741 2150 alla

287 2171 452 2222 conclusione
473 2170 556 2232 finale,
581 2187 696 2237 espressa
714 2173 740 2222 in

288 2243 371 2292 forma
389 2243 558 2293 esclamativa.

327 2327 384 2364 102.
409 2321 514 2364 tutemet
523 2333 532 2365 :
558 2335 571 2360 ι
594 2330 635 2362 ma
659 2314 740 2364 anche

288 2391 316 2434 tu
339 2399 365 2444 »ς
385 2381 441 2435 eloi
462 2406 473 2428 ι
494 2386 574 2436 anche
587 2392 623 2449 tu,
638 2385 685 2435 che
697 2386 739 2434 hai

287 2452 330 2520 gil
357 2456 432 2506 viulo
456 2457 480 2506 le
508 2457 685 2523 superstizioni
715 2477 737 2520 ι,

287 2525 366 2592 (delle
385 2527 456 2592 quali
473 2527 492 2577 il
506 2535 583 2594 poeta
596 2528 630 2577 ha
642 2528 740 2594 parlato

286 2599 376 2664 prima,
396 2614 434 2647 vv.
456 2597 575 2664 80-101).
599 2611 628 2635 -—·
649 2602 739 2663 quovis

286 2677 415 2735 tempore:
442 2671 485 2719 noi
515 2690 527 2714 ι
548 2687 599 2720 una
626 2671 695 2720 volta
722 2685 738 2718 o

285 2740 368 2790 l¹altra
388 2759 411 2793 ι.

324 2825 381 2874 104.
394 2813 500 2878 ᾳιιῷριτ
514 2809 528 2862 ὲ
542 2813 680 2878 adoperato
693 2828 735 2876 ge·

285 2883 443 2934 neralmente
461 2885 494 2932 da
512 2884 642 2943 Lucrezio,
663 2899 738 2932 senza

285 2955 304 3004 il
319 2970 444 3020 pronome
456 2955 570 3014 relativo,
584 2962 681 3005 eccetto
694 2955 737 3004 nel

285 3026 341 3076 solo
359 3041 434 3091 passo
458 3027 506 3085 111,
529 3036 602 3090 1075.
627 3053 659 3061 —
675 3034 737 3090 pos-

284 3104 364 3146 sunt:
388 3092 566 3146 ecorrezioue
589 3099 672 3148 antica
694 3097 737 3147 del

284 3167 403 3226 Marullo,
440 3183 486 3232 per
522 3167 737 3233 l¹insignificanle

280 3244 394 3304 po'ssum.
422 3238 445 3287 Il
473 3237 624 3299 Siebelis‚
654 3241 736 3301 Quae-

285 3310 378 3360 stiones
390 3309 570 3366 Lucretiam,
586 3328 610 3376 p.
625 3325 671 3374 3·4
683 3312 736 3362 cosi

285 3380 363 3445 opina
376 3379 414 3429 sia
426 3380 458 3429 da
471 3381 606 3432 emendare
618 3382 638 3430 il
650 3394 735 3434 verso:

287 3471 299 3496 e
311 3451 504 3516 Quippeetem'm
510 3467 589 3516 quam
596 3455 677 3504 multa
684 3455 735 3514 ubi,

285 3535 330 3570 nec
336 3521 438 3587 fingere
446 3530 560 3587 possum,
576 3523 680 3573 Somnia
690 3545 711 3590 ι,
723 3543 737 3575 e

795 1675 897 1739 quidem
911 1683 1018 1740 possum
1032 1676 1119 1723 animo
1130 1693 1153 1725 ι.
1168 1675 1213 1725 Ma
1226 1675 1254 1725 la

795 1746 861 1795 frase
880 1742 894 1794 ὲ
913 1752 1035 1806 contorta,
1054 1745 1074 1794 il
1093 1761 1138 1794 uec
1161 1741 1175 1794 e
1194 1747 1252 1812 ipo·

796 1817 879 1880 tetico,
900 1834 914 1867 e
933 1817 953 1865 il
971 1832 1046 1866 senso
1065 1831 1117 1865 non
1137 1813 1152 1864 ὲ
1169 1817 1189 1866 il
1204 1814 1254 1882 piir

795 1888 889 1938 adatto.
909 1889 961 1951 Qui
975 1884 989 1936 ὲ
1003 1887 1118 1938 naturale
1138 1888 1185 1938 che
1198 1889 1253 1938 ΓΑ.

794 1958 866 2007 dica:
888 1978 900 2001 c
921 1975 972 2008 una
990 1959 1059 2008 volta
1071 1974 1087 2007 o
1100 1959 1182 2008 l’altra
1195 1975 1252 2010 cer·

795 2030 878 2079 cherai
888 2031 1096 2092 abbandonam,
1107 2029 1178 2080 vinto
1191 2030 1251 2080 dal-

794 2101 819 2151 le
840 2115 948 2166 paurose
975 2101 1062 2167 parole
1090 2101 1131 2151 dei
1159 2103 1219 2161 vati,
1242 2103 1252 2152 i

794 2171 865 2238 quali
885 2172 928 2221 tali
947 2173 1040 2222 visioni
1059 2189 1073 2222 e
1092 2172 1137 2222 tali
1157 2173 1251 2222 imma·

793 2243 848 2308 gini
867 2243 990 2304 formano,
1015 2244 1062 2294 ohe
1086 2244 1120 2292 do
1147 2261 1202 2294 esse
1222 2245 1251 2300 le

794 2321 837 2364 tue
856 2313 950 2367 racolu
969 2332 983 2365 e
1001 2315 1026 2364 la
1044 2323 1088 2365 tua
1105 2315 1156 2366 vita
1175 2316 1251 2366 sieno

793 2385 925 2436 sconvolte
947 2405 968 2436 ι.

833 2465 891 2521 105.
910 2459 1023 2507 somnia:
1044 2477 1056 2502 ι
1077 2457 1211 2522 immagini
1235 2478 1249 2502 ι

794 2545 810 2578 o
831 2549 842 2573 ι
864 2529 956 2578 visioni
974 2528 1154 2579 d'oltretomba
1174 2548 1197 2578 ι.

832 2599 889 2650 106.
909 2600 1091 2664 fortunasque
1109 2608 1168 2649 tuas
1194 2617 1252 2648 om-

792 2671 849 2720 m's:
880 2689 891 2713 e
916 2671 1003 2720 tuttii
1027 2671 1088 2720 beni
1113 2671 1140 2720 di
1158 2671 1199 2720 cui
1217 2677 1251 2720 tu

792 2742 854 2806 godi
876 2758 897 2790 ι.

831 2824 888 2874 107.
914 2821 938 2862 et
962 2814 1067 2862 merito:
1098 2832 1109 2855 ι
1132 2829 1147 2862 e
1172 2810 1212 2862 cio
1234 2811 1251 2864 ὲ

792 2883 907 2933 naturale
929 2902 949 2932 ι.
972 2910 1005 2919 -
1032 2892 1126 2933 certam
1147 2885 1228 2944 fineu‘r
1241 2904 1251 2934 .-

792 2972 837 3021 per
852 2955 1038 3014 ¹documentare
1060 2955 1138 3010 finem
1156 2955 1247 3008 ferum.

791 3033 898 3092 apporta
916 3026 936 3075 il
955 3042 1027 3076 verso
1045 3027 1131 3075 Nonio
1145 3037 1205 3094 205,
1219 3045 1248 3093 9.

791 3099 814 3147 E
838 3113 926 3162 presso
950 3098 1074 3148 Lucrezio
1102 3093 1117 3146 ὲ
1144 3115 1249 3166 sempre

791 3168 942 3219 femminile.

830 3238 887 3290 108.
901 3241 990 3305 aliqua
1001 3242 1101 3290 ratione
1112 3243 1250 3291 ualerent:

793 3331 806 3356 ι
827 3311 965 3362 avrebbero
978 3328 1013 3360 un
1026 3311 1104 3359 modo
1118 3328 1164 3376 per
1176 3328 1249 3363 esser

791 3383 852 3432 lorti
870 3399 911 3432 a...
932 3401 954 3432 ι.

829 3467 886 3516 109.
906 3454 1072 3519 religionibus
1096 3462 1174 3518 atquc
1198 3457 1249 3504 mi·

791 3527 848 3574 m's:
868 3545 880 3570 ι
902 3540 1011 3590 paurose
1024 3526 1202 3591 supersticioni
1221 3545 1247 3577 ι.

284 3589 337 3641 cosi
347 3593 447 3659 spiega:
463 3611 561 3658 «quam
574 3595 656 3644 multa
667 3597 734 3646 enim
830 3609 886 3646 110.
906 3598 1025 3646 restandi
1041 3617 1077 3637 =
1098 3599 1249 3648 obsistendi.

285 3664 331 3714 ubi
347 3667 445 3716 somnia
463 3673 532 3726 suut,
556 3683 589 3718 ne
613 3667 734 3734 effingere
830 3681 886 3718 111.
903 3675 1040 3734 poenas...
1060 3669 1250 3722 timendumst:
