2778 4286
423 918 772 992 AVVERTENZA

173 1462 249 1514 Nella
267 1470 353 1514 nostra
371 1463 486 1513 edizione
504 1475 642 1512 occorrono
661 1477 748 1528 spesso
767 1463 899 1513 senz'altra
917 1463 1076 1513 indicazione

118 1551 321 1618 bibliograficai
340 1553 411 1602 nomi
430 1551 456 1601 di
475 1551 555 1600 critici
575 1551 606 1600 ed
625 1551 729 1612 editori;
749 1550 834 1600 diamo
854 1552 898 1616 qui
921 1551 1076 1601 indicazioni

119 1641 256 1708 maggiori:
300 1677 301 1684 .

173 1729 299 1789 Marullo,
319 1730 441 1780 pontano
459 1750 495 1771 =
513 1729 544 1778 T.
564 1728 639 1778 Lucr.
661 1726 719 1776 Cari
741 1729 782 1777 De
800 1743 884 1777 rerum
905 1734 995 1777 natura
1013 1743 1075 1778 cum

118 1820 197 1886 praei.
218 1825 243 1868 et
268 1818 382 1882 castigat.
410 1816 513 1868 Petri
542 1815 715 1878 Candidi,
742 1815 894 1876 Florentiae,
920 1815 966 1866 Ph.
992 1817 1077 1876 Iunta,

117 1907 233 1958 MDXII.

173 1993 298 2046 lambino
316 2015 352 2036 =
370 1995 402 2042 Τ.
422 1993 525 2043 Lucreti
544 1991 603 2042 Cari
621 1993 661 2042 De
681 2007 766 2041 rerum
790 1997 887 2050 natura,
914 1991 974 2040 libri
996 1992 1041 2053 VI,
1061 2007 1077 2040 a

120 2085 216 2134 Dion.
235 2083 398 2150 Lambino¹
412 2081 603 2132 Monstroliensi
617 2095 676 2140 ecc,
687 2079 856 2144 Francoiurti‚
871 2078 1075 2128 MDLXXXIII.

164 2173 288 2236 Bentley,
312 2171 453 2234 Wakefield
468 2191 503 2212 =
524 2171 556 2219 T.
581 2169 685 2234 Lucreti
711 2167 770 2217 Cari
794 2169 835 2218 De
864 2184 949 2218 rerum
977 2176 1074 2230 natura,

118 2261 179 2310 libri
198 2275 318 2311 sexeum
345 2257 507 2307 Richardi
534 2257 680 2306 Bentleii
708 2256 978 2320 animadversionibus,
1000 2256 1075 2306 Gil-

118 2349 207 2400 berti
233 2345 433 2399 Wakefieldi
460 2344 660 2411 praefationibus
680 2351 705 2393 et
723 2345 912 2394 commentariis
932 2360 991 2405 ecc.,
1011 2346 1074 2411 Lip-

118 2437 179 2498 siae,
199 2435 341 2486 MDCCCI.

172 2526 296 2590 Forbiger
314 2543 350 2563 =
367 2525 399 2574 T.
419 2522 522 2573 Lucreti
539 2520 598 2571 Cari
617 2522 658 2571 De
677 2536 761 2571 rerum
780 2527 876 2584 natura,
893 2520 953 2569 libri
966 2536 1018 2570 sex.
1033 2521 1074 2569 Ad

117 2613 209 2679 optim.
228 2613 285 2662 libr.
305 2611 381 2662 fidem
398 2612 478 2662 edidit
497 2626 548 2662 ecc.
571 2611 731 2661 Albertus
758 2609 934 2674 Forbiger‚
960 2610 1072 2676 Lipsiae,

118 2700 363 2752 MDCCCXXVIII.

171 2790 290 2854 Bernays
308 2811 343 2832 =
361 2787 567 2838 Commentarius
585 2787 612 2837 in
630 2788 741 2852 Lucreti¹
762 2788 856 2838 librum
875 2787 987 2852 primum
1004 2785 1074 2853 (sino

117 2877 179 2928 alv.
194 2876 265 2943 685),
285 2895 328 2944 pp.
345 2877 404 2940 1-67
419 2876 559 2942 dell’opera
577 2877 690 2926 Iacob
715 2876 888 2940 Bernays,
912 2875 1076 2924 Gesammcltc

120 2966 336 3032 Abhandlangcn,
356 2967 389 3026 II,
408 2965 502 3024 Berlin,
519 2963 594 3030 1885.
614 2991 646 3003 -
665 2964 737 3015 Ediz.
755 2965 798 3014 del
819 2965 994 3029 Bernays,
1016 2965 1075 3030 Lip-

116 3053 180 3114 siae,
200 3055 330 3118 Teubner,
349 3053 528 3105 MDCCCLII.

173 3142 350 3192 Bockemic'ller
368 3163 403 3184 =
421 3144 453 3193 T.
473 3142 576 3192 Lucreti
595 3140 653 3190 Cari
672 3141 712 3191 De
731 3159 815 3192 rerum
834 3149 931 3202 natura,
951 3141 1010 3190 libri
1022 3157 1075 3193 sex.

118 3231 237 3294 Redigirt
255 3231 307 3280 und
329 3231 423 3282 erkldrt
441 3246 492 3280 von
516 3229 692 3280 Friedrich
721 3230 966 3290 Boclremliller,
991 3229 1074 3290 Stade,

121 3319 199 3384 1873.

123 3433 125 3440 ·
172 3410 324 3459 Lachmann
343 3437 376 3446 -
396 3411 428 3460 T.
447 3410 550 3460 Lucreti
569 3409 627 3459 Cari
649 3411 690 3461 De
714 3417 798 3460 rerum
820 3418 916 3470 natura,
944 3409 1003 3458 libri
1022 3425 1076 3459 sex.

118 3499 263 3550 Carolus
281 3501 514 3560 Lachmannus,
535 3501 661 3550 recensuit
680 3506 706 3550 et
724 3499 878 3550 emendavit.
899 3497 1019 3557 Berolini,
1033 3499 1075 3548 ed.

119 3588 364 3652 11,MDCCCL111,
387 3589 591 3640 Commentarius
617 3589 787 3640 MDCCCLV
815 3587 855 3653 (fu
883 3587 1023 3652 riprodotto
1048 3587 1079 3635 in

117 3677 220 3742 seguito
238 3678 302 3730 altre
321 3679 371 3730 due
391 3675 478 3744 volte).
