2756 4294
291 314 330 386 58
622 325 653 371 n.
678 325 810 369 Locren
834 326 918 370 enno

288 461 353 512 tuto
375 470 423 510 res
444 461 561 512 teneras
584 453 667 511 effert
687 451 719 512 in
742 451 862 512 luminis
885 454 975 512 oras?

289 541 371 616 quod
394 539 419 600 si
441 542 481 600 de
503 541 566 600 nilo
589 542 703 614 fierent,
729 542 828 602 subito
852 551 1043 602 exorerentur

1187 544 1249 601 180

289 630 403 690 incerto
426 629 521 708 spatio
544 640 633 707 atque
656 630 761 692 alienis
783 631 917 709 partibus
939 631 1031 706 anni;

290 718 402 797 quippe
425 719 477 779 ubi
500 721 582 778 nulla
597 720 695 779 forent
718 717 889 798 primordia,
914 738 991 798 quae
1015 718 1136 798 genitali

290 807 417 870 concilio
440 818 562 886 possent
584 807 677 869 arceri
700 819 834 886 tempore
857 807 970 886 iniquo

289 916 345 958 nec
368 917 457 974 porro
479 895 624 974 augendis
647 900 737 958 rebus
759 897 856 976 spatio
878 900 955 958 foret
978 916 1056 971 usus,

289 983 410 1046 seminis
432 987 470 1045 ad
494 985 615 1058 coitum,
642 985 667 1045 si
689 1006 705 1045 e
729 987 791 1047 nilo
814 1007 946 1048 crescere
969 997 1113 1066 possent;
1188 987 1247 1063 185

290 1095 361 1134 nam
384 1077 489 1134 fierent
509 1074 635 1136 iuvenes
659 1074 758 1136 subito
783 1096 819 1135 ex
838 1077 1003 1137 infantibu'
1027 1075 1132 1155 parvis,

292 1411 360 1444 nere.
375 1393 404 1443 L'
414 1395 472 1443 idea
484 1389 498 1442 ὲ
511 1395 575 1444 tolle
588 1402 743 1444 certamente

293 1467 336 1515 dai
355 1467 420 1530 parti
440 1466 553 1515 animali.

331 1547 388 1600 179.
418 1543 490 1586 tutu:
518 1553 593 1586 senza
621 1538 744 1603 pericolo‚

293 1606 386 1674 perche
407 1609 432 1656 la
450 1609 568 1674 stagione
588 1606 601 1658 ὲ
620 1609 743 1674 propizia.

293 1705 327 1714 -
346 1680 374 1728 in
393 1679 498 1728 luminis
516 1695 593 1728 oras:
613 1697 636 1730 v.
655 1697 694 1730 vv.
711 1691 745 1728 22

295 1767 310 1800 e
332 1760 390 1812 170.

332 1819 388 1870 180.
415 1821 514 1870 subito:
543 1839 557 1872 e
586 1819 641 1872 cine
670 1837 746 1871 senza

294 1909 398 1958 pessare
424 1900 562 1950 attraverso
587 1910 639 1942 nna
663 1895 746 1958 prima

294 1963 348 2014 fase
367 1964 393 2012 di
412 1965 464 2014 vita
484 1965 587 2024 latente,
608 1981 629 2014 v.
650 1973 712 2014 nota
732 1981 747 2013 a

298 2045 356 2098 177.
376 2036 454 2085 Tutia
469 2044 558 2100 queste
576 2036 642 2094 idea,
656 2035 704 2084 che
723 2037 746 2085 ci

204 2143 206 2148 .
294 2108 394 2156 sembra
409 2105 462 2156 cosi
475 2107 568 2170 chiara,
585 2123 637 2157 non
653 2105 666 2156 ὲ
681 2115 747 2157 stata

296 2192 430 2242 compresa
449 2178 490 2226 dai
510 2179 713 2229 commentatori.

336 2245 394 2298 181.
414 2249 509 2298 incerto
527 2250 627 2313 spatio:
650 2251 748 2300 ritorna

298 2321 342 2386 qui
374 2335 419 2385 per
450 2320 475 2370 le
503 2320 591 2386 pionte
622 2321 748 2386 all’argo·

298 2400 385 2442 mento
411 2391 459 2440 che
484 2393 518 2440 ha
544 2390 588 2456 giis
612 2401 684 2443 ussto
703 2409 749 2458 per

298 2463 334 2528 gli
355 2463 461 2512 animali
481 2463 524 2513 nel
541 2480 564 2512 v.
588 2464 644 2524 164.
671 2466 704 2516 Se
724 2464 749 2512 le

300 2534 387 2599 piante
417 2543 546 2600 potessero
576 2552 681 2585 nascere
709 2535 751 2583 dal

299 2606 377 2667 nulla,
392 2619 445 2655 non
464 2608 648 2656 nascerebbero
661 2607 689 2656 in
707 2608 749 2655 de·

299 2677 428 2726 terminati
459 2677 549 2741 luoghi
580 2675 607 2742 (e
638 2675 695 2727 cioe
725 2675 750 2726 li

298 2749 363 2797 dove
382 2764 446 2798 sono
466 2749 474 2798 i
493 2747 578 2810 semi),
592 2766 635 2797 ma
653 2749 680 2797 in
693 2749 749 2797 luo·

298 2819 343 2883 ghi
362 2819 459 2878 incerti,
474 2835 488 2868 e
507 2815 564 2868 eioe
582 2819 750 2885 caprioeiosa·

299 2897 392 2948 mente,
411 2907 440 2940 or
458 2907 509 2955 qua
528 2907 557 2940 or
575 2887 608 2940 lt.

337 2958 393 3008 182.
425 2963 518 3024 quippe
545 2962 590 3010 ubi
613 2961 686 3010 nullo
709 2961 751 3026 fo-

299 3037 375 3079 rent:
396 3051 408 3074 ι
429 3031 524 3097 poiche
549 3034 630 3083 allora
655 3049 708 3083 non
727 3034 752 3082 vi

300 3103 436 3152 sarebbero
458 3121 480 3152 ι.
495 3129 526 3138 -
544 3105 655 3167 genitali
671 3105 752 3152 conci·

301 3173 352 3222 lio:
371 3173 397 3223 la
415 3176 584 3239 generatione
606 3175 674 3225 delle
693 3191 753 3226 cose

301 3245 406 3294 avviene
430 3263 475 3311 per
503 3247 644 3305 concilium,
664 3263 753 3312 aggre-

301 3325 422 3381 gemento
441 3317 467 3366 di
487 3319 573 3368 atomi.

341 3385 398 3451 183.
419 3395 528 3451 tempore
543 3389 650 3453 iniquo:
668 3405 721 3439 non
740 3386 754 3438 ὲ

302 3458 352 3507 abl.
381 3461 407 3508 di
431 3466 526 3525 tempo,
555 3477 598 3511 ma
626 3461 653 3510 di
678 3477 755 3510 causa

798 1393 923 1460 impedire
939 1393 955 1443 l'
964 1400 1163 1459 aggregamento
1173 1410 1251 1459 gene·

798 1467 887 1516 ratiro.
906 1465 929 1514 Il
941 1465 1088 1530 significato
1102 1465 1128 1514 di
1142 1469 1254 1528 tempore

798 1537 887 1600 iniquo
906 1534 920 1585 ὲ
939 1537 1042 1601 dunque
1061 1537 1116 1600 peri
1135 1553 1151 1584 a
1163 1537 1253 1602 quello

800 1609 826 1657 di
845 1607 936 1655 alienis
952 1607 1071 1670 partibus
1087 1609 1159 1656 anni.

839 1677 896 1738 184.
909 1679 990 1740 spatio
1000 1678 1072 1742 foret
1082 1695 1159 1727 usus:
1171 1680 1255 1741 spatio

800 1748 814 1800 ὲ
828 1751 872 1816 qui
890 1766 936 1814 per
954 1757 1042 1815 tempo
1054 1746 1146 1813 (spatio
1160 1756 1254 1812 tempo-

800 1820 858 1884 ris),
872 1836 946 1870 come
960 1821 1048 1870 risulta
1061 1821 1104 1869 dal
1116 1821 1198 1869 subito
1210 1819 1256 1870 del

801 1909 823 1942 v.
840 1891 897 1941 186.
913 1917 945 1926 -
961 1889 1108 1957 ususequi
1127 1909 1173 1957 per
1188 1893 1257 1941 «bi-

800 1981 890 2029 sogno,
913 1961 1038 2014 necessit&
1059 1983 1081 2024 ι,
1106 1963 1256 2028 significato

801 2037 849 2086 che
867 2035 901 2083 ha
914 2036 996 2084 anche
1014 2035 1084 2083 nelle
1097 2051 1174 2099 prose
1190 2036 1257 2086 clas·

801 2109 872 2158 sica:
892 2105 948 2155 Liv.
965 2105 1061 2166 XXVI,
1074 2117 1147 2168 43,7
1163 2125 1174 2149 c
1191 2121 1259 2170 quae

801 2179 860 2228 belli
877 2193 939 2225 usus
958 2183 1075 2240 poscunt,
1095 2179 1257 2240 suppediten-

803 2257 848 2298 tur
866 2263 894 2306 »;
914 2249 949 2299 id.
965 2249 1010 2310 111,
1031 2256 1073 2312 25,
1093 2264 1109 2314 9
1132 2268 1144 2292 ι
1165 2249 1257 2312 υοζςνιις

802 2320 940 2370 mulierum
958 2319 1008 2367 huc
1024 2327 1100 2384 atque
1118 2320 1181 2368 illuc
1194 2336 1260 2369 eun·

803 2393 876 2451 tium,
895 2407 947 2455 qua
965 2406 1092 2454 quamque
1105 2407 1212 2440 suorum
1226 2408 1258 2440 u-

803 2478 878 2513 suum
892 2478 983 2510 causac
993 2459 1136 2522 ferrent».
1161 2462 1227 2512 Usus
1242 2461 1258 2511 ὲ

803 2535 848 2600 poi
868 2534 1008 2598 adopernto
1021 2533 1064 2598 qui
1080 2534 1258 2583 verbalmente

804 2621 853 2656 con
881 2605 897 2653 l'
906 2604 1026 2667 ablativo,
1046 2604 1065 2652 il
1094 2605 1141 2654 che
1168 2604 1181 2654 'e
1207 2605 1258 2654 sre-

804 2684 898 2742 quente
927 2693 1014 2740 presso
1044 2676 1154 2726 Plauto:
1183 2677 1257 2724 Pers.

806 2749 838 2806 11,
860 2757 884 2810 5,
905 2759 938 2810 27
960 2767 971 2791 ι
993 2747 1030 2795 ad
1044 2761 1098 2795 eam
1122 2763 1176 2795 rem
1195 2763 1259 2797 usus

805 2824 842 2868 est
858 2825 905 2866 tua
923 2819 988 2866 mihi
1004 2825 1081 2882 opera
1102 2832 1131 2873 η
1155 2818 1257 2876 Cist.1,

807 2903 830 2948 2,
852 2902 903 2951 10;
927 2889 1019 2938 Pseud.
1044 2891 1064 2948 Ι,
1092 2903 1113 2949 1,
1133 2888 1176 2951 48,
1199 2906 1213 2939 e
1236 2890 1258 2938 si

806 2962 900 3010 ritrova
919 2961 1000 3010 anche
1017 2977 1104 3025 presso
1118 2961 1177 3010 altri
1189 2961 1260 3010 scrit-

806 3033 868 3083 tori:
897 3033 954 3082 Liv.
980 3029 1062 3090 XXX,
1082 3045 1125 3094 41,
1146 3030 1161 3079 8
1184 3051 1196 3074 ι
1220 3046 1259 3080 re-

807 3105 911 3152 duceret
934 3118 1012 3152 noves
1041 3104 1133 3166 quibus
1161 3103 1262 3152 consuli

807 3191 870 3224 usus
888 3191 941 3222 non
961 3181 1024 3223 esset
1044 3189 1074 3234 ³3
1096 3177 1174 3238 Verg.
1196 3180 1259 3224 Aen.

807 3246 881 3304 VIII,
897 3258 948 3309 441
966 3265 978 3290 ι
998 3262 1070 3295 nunc
1081 3247 1182 3295 viribus
1198 3261 1260 3295 usus

807 3319 889 3367 Nunc
916 3318 1034 3367 nranibus
1059 3317 1166 3380 rapidis,
1191 3315 1261 3366 omni

809 3405 879 3438 nunc
902 3395 959 3438 arte
980 3389 1105 3453 magistra
1127 3407 1148 3438 ι.
1169 3388 1259 3440 Anche

809 3461 836 3510 in
855 3461 986 3525 Lucrezio,
1012 3462 1033 3523 1,
1059 3473 1111 3525 219
1140 3461 1214 3512 nulla
1233 3457 1261 3508 vi

302 3529 430 3580 efficiente
460 3532 503 3582 del
533 3532 634 3597 passivo
662 3532 754 3580 arceri.
802 3531 878 3596 soret
894 3547 963 3582 usus.

303 3601 363 3650 Non
383 3603 408 3651 vi
426 3604 562 3653 sarebbero
580 3603 652 3662 semi,
669 3604 711 3652 eui
730 3603 755 3652 la
849 3601 906 3667 185.
922 3603 1024 3652 seminis
1037 3605 1074 3652 ad
1082 3603 1175 3652 coitum
1186 3621 1194 3652 :
1205 3617 1257 3669 per·

303 3672 420 3736 stagione
438 3689 491 3724 non
516 3675 630 3740 propizia
653 3683 754 3740 potesse
810 3669 858 3723 che
889 3691 1003 3741 arrenga
1029 3675 1055 3725 la
1085 3675 1191 3726 miscela
1218 3670 1259 3723 del
