<?xml version="1.0" encoding="UTF-8"?>
<!DOCTYPE html PUBLIC "-//W3C//DTD XHTML 1.0 Transitional//EN"
    "http://www.w3.org/TR/xhtml1/DTD/xhtml1-transitional.dtd">
<html xmlns="http://www.w3.org/1999/xhtml" xml:lang="en" lang="en">
 <head>
  <title>
</title>
<meta http-equiv="Content-Type" content="text/html;charset=utf-8" />
  <meta name='ocr-system' content='tesseract 3.04.00' />
  <meta name='ocr-capabilities' content='ocr_page ocr_carea ocr_par ocr_line ocrx_word'/>
</head>
<body>
  <div class='ocr_page' id='page_1' title='image "./tlucreticarider21carugoog_0063.png"; bbox 0 0 2804 4294; ppageno 0'>
   <div class='ocr_carea' id='block_1_1' title="bbox 292 307 922 373">
    <p class='ocr_par' dir='ltr' id='par_1_1' title="bbox 292 307 922 373">
     <span class='ocr_line' id='line_1_1' title="bbox 292 307 922 373; baseline -0.006 -19"><span class='ocrx_word' id='word_1_1' title='bbox 292 318 334 373; x_wconf 80' lang='lat'>44</span> <span class='ocrx_word' id='word_1_2' title='bbox 624 312 656 356; x_wconf 86' lang='lat' dir='ltr'>r.</span> <span class='ocrx_word' id='word_1_3' title='bbox 680 309 813 354; x_wconf 79' lang='lat' dir='ltr'>rucnerr</span> <span class='ocrx_word' id='word_1_4' title='bbox 837 307 922 350; x_wconf 76' lang='lat' dir='ltr'>cano</span> 
     </span>
    </p>
   </div>
   <div class='ocr_carea' id='block_1_2' title="bbox 278 433 1247 1228">
    <p class='ocr_par' dir='ltr' id='par_1_2' title="bbox 294 433 1101 515">
     <span class='ocr_line' id='line_1_2' title="bbox 294 433 1101 515; baseline -0.009 -16"><span class='ocrx_word' id='word_1_5' title='bbox 294 457 371 515; x_wconf 89' lang='lat' dir='ltr'>quae</span> <span class='ocrx_word' id='word_1_6' title='bbox 394 458 450 499; x_wconf 92' lang='lat' dir='ltr'>nos</span> <span class='ocrx_word' id='word_1_7' title='bbox 473 435 626 498; x_wconf 82' lang='lat' dir='ltr'>materiem</span> <span class='ocrx_word' id='word_1_8' title='bbox 650 447 680 496; x_wconf 90' lang='lat' dir='ltr'>et</span> <span class='ocrx_word' id='word_1_9' title='bbox 702 433 843 514; x_wconf 76' lang='lat' dir='ltr'><strong>genitalia</strong></span> <span class='ocrx_word' id='word_1_10' title='bbox 865 453 990 512; x_wconf 90' lang='lat' dir='ltr'>corpora</span> <span class='ocrx_word' id='word_1_11' title='bbox 1013 434 1101 492; x_wconf 89' lang='lat' dir='ltr'>rebus</span> 
     </span>
    </p>

    <p class='ocr_par' dir='ltr' id='par_1_3' title="bbox 294 522 1081 588">
     <span class='ocr_line' id='line_1_3' title="bbox 294 522 1081 588; baseline -0.008 -1"><span class='ocrx_word' id='word_1_12' title='bbox 294 529 452 588; x_wconf 87' lang='lat' dir='ltr'>reddunda</span> <span class='ocrx_word' id='word_1_13' title='bbox 474 527 506 586; x_wconf 93' lang='lat' dir='ltr'>in</span> <span class='ocrx_word' id='word_1_14' title='bbox 528 527 642 587; x_wconf 88' lang='lat' dir='ltr'>ratione</span> <span class='ocrx_word' id='word_1_15' title='bbox 666 545 773 586; x_wconf 90' lang='lat' dir='ltr'>vocare</span> <span class='ocrx_word' id='word_1_16' title='bbox 795 535 825 584; x_wconf 93' lang='lat' dir='ltr'>et</span> <span class='ocrx_word' id='word_1_17' title='bbox 848 522 961 584; x_wconf 88' lang='lat' dir='ltr'>semina</span> <span class='ocrx_word' id='word_1_18' title='bbox 983 541 1081 582; x_wconf 90' lang='lat' dir='ltr'>rerum</span> 
     </span>
    </p>

    <p class='ocr_par' dir='ltr' id='par_1_4' title="bbox 294 613 1247 694">
     <span class='ocr_line' id='line_1_4' title="bbox 294 613 1247 694; baseline -0.01 -17"><span class='ocrx_word' id='word_1_19' title='bbox 294 619 444 694; x_wconf 85' lang='lat' dir='ltr'>appellare</span> <span class='ocrx_word' id='word_1_20' title='bbox 468 625 586 676; x_wconf 70' lang='lat' dir='ltr'>suemus</span> <span class='ocrx_word' id='word_1_21' title='bbox 609 627 640 675; x_wconf 92' lang='lat' dir='ltr'>et</span> <span class='ocrx_word' id='word_1_22' title='bbox 662 617 736 674; x_wconf 88' lang='lat' dir='ltr'>haec</span> <span class='ocrx_word' id='word_1_23' title='bbox 759 614 863 674; x_wconf 84' lang='lat' dir='ltr'>eadem</span> <span class='ocrx_word' id='word_1_24' title='bbox 888 631 1029 690; x_wconf 89' lang='lat' dir='ltr'>usurpare</span> <span class='ocrx_word' id='word_1_25' title='bbox 1207 613 1247 668; x_wconf 88' lang='lat'>60</span> 
     </span>
    </p>

    <p class='ocr_par' dir='ltr' id='par_1_5' title="bbox 278 696 1143 855">
     <span class='ocr_line' id='line_1_5' title="bbox 278 696 1143 783; baseline -0.007 -17"><span class='ocrx_word' id='word_1_26' title='bbox 278 725 420 783; x_wconf 86' lang='lat' dir='ltr'>·corpora</span> <span class='ocrx_word' id='word_1_27' title='bbox 442 705 546 783; x_wconf 87' lang='lat' dir='ltr'>prima,</span> <span class='ocrx_word' id='word_1_28' title='bbox 572 706 655 783; x_wconf 92' lang='lat' dir='ltr'>quod</span> <span class='ocrx_word' id='word_1_29' title='bbox 678 724 714 763; x_wconf 89' lang='lat' dir='ltr'>ex</span> <span class='ocrx_word' id='word_1_30' title='bbox 737 702 794 763; x_wconf 92' lang='lat' dir='ltr'>illis</span> <span class='ocrx_word' id='word_1_31' title='bbox 818 711 886 761; x_wconf 89' lang='lat' dir='ltr'>sunt</span> <span class='ocrx_word' id='word_1_32' title='bbox 910 699 1010 760; x_wconf 86' lang='lat' dir='ltr'>omnia</span> <span class='ocrx_word' id='word_1_33' title='bbox 1032 696 1143 778; x_wconf 88' lang='lat' dir='ltr'>primis.</span> 
     </span>
     <span class='ocr_line' id='line_1_6' title="bbox 335 789 1110 855; baseline -0.008 -1"><span class='ocrx_word' id='word_1_34' title='bbox 335 797 477 854; x_wconf 86' lang='lat' dir='ltr'>Humana</span> <span class='ocrx_word' id='word_1_35' title='bbox 499 805 568 854; x_wconf 86' lang='lat' dir='ltr'>ante</span> <span class='ocrx_word' id='word_1_36' title='bbox 592 796 693 855; x_wconf 88' lang='lat' dir='ltr'>oculos</span> <span class='ocrx_word' id='word_1_37' title='bbox 716 793 805 852; x_wconf 86' lang='lat' dir='ltr'>foede</span> <span class='ocrx_word' id='word_1_38' title='bbox 827 810 896 851; x_wconf 88' lang='lat' dir='ltr'>cum</span> <span class='ocrx_word' id='word_1_39' title='bbox 918 789 979 850; x_wconf 89' lang='lat' dir='ltr'>vita</span> <span class='ocrx_word' id='word_1_40' title='bbox 1002 789 1110 849; x_wconf 86' lang='lat' dir='ltr'>iaceret</span> 
     </span>
    </p>

    <p class='ocr_par' dir='ltr' id='par_1_6' title="bbox 291 878 952 961">
     <span class='ocr_line' id='line_1_7' title="bbox 291 878 952 961; baseline -0.003 -19"><span class='ocrx_word' id='word_1_41' title='bbox 291 881 323 942; x_wconf 92' lang='lat' dir='ltr'>in</span> <span class='ocrx_word' id='word_1_42' title='bbox 346 883 430 943; x_wconf 88' lang='lat' dir='ltr'>terris</span> <span class='ocrx_word' id='word_1_43' title='bbox 453 903 596 961; x_wconf 86' lang='lat' dir='ltr'>oppressa</span> <span class='ocrx_word' id='word_1_44' title='bbox 618 881 699 961; x_wconf 87' lang='lat' dir='ltr'>gravi</span> <span class='ocrx_word' id='word_1_45' title='bbox 722 884 778 941; x_wconf 93' lang='lat' dir='ltr'>sub</span> <span class='ocrx_word' id='word_1_46' title='bbox 800 878 952 957; x_wconf 82' lang='lat' dir='ltr'>religione,</span> 
     </span>
    </p>

    <p class='ocr_par' dir='ltr' id='par_1_7' title="bbox 292 969 1013 1052">
     <span class='ocr_line' id='line_1_8' title="bbox 292 969 1013 1052; baseline -0.01 -19"><span class='ocrx_word' id='word_1_47' title='bbox 292 992 369 1049; x_wconf 88' lang='lat' dir='ltr'>quae</span> <span class='ocrx_word' id='word_1_48' title='bbox 392 983 482 1052; x_wconf 86' lang='lat' dir='ltr'>capnt</span> <span class='ocrx_word' id='word_1_49' title='bbox 503 993 521 1032; x_wconf 85' lang='lat' dir='ltr'>a</span> <span class='ocrx_word' id='word_1_50' title='bbox 543 972 617 1033; x_wconf 90' lang='lat' dir='ltr'>caeli</span> <span class='ocrx_word' id='word_1_51' title='bbox 641 969 812 1050; x_wconf 85' lang='lat' dir='ltr'>regionibus</span> <span class='ocrx_word' id='word_1_52' title='bbox 835 969 1013 1029; x_wconf 86' lang='lat' dir='ltr'>ostendebat</span> 
     </span>
    </p>

    <p class='ocr_par' dir='ltr' id='par_1_8' title="bbox 291 1057 1246 1140">
     <span class='ocr_line' id='line_1_9' title="bbox 291 1057 1246 1140; baseline -0.006 -20"><span class='ocrx_word' id='word_1_53' title='bbox 291 1060 425 1122; x_wconf 90' lang='lat' dir='ltr'>horribili</span> <span class='ocrx_word' id='word_1_54' title='bbox 448 1081 536 1139; x_wconf 89' lang='lat' dir='ltr'>super</span> <span class='ocrx_word' id='word_1_55' title='bbox 557 1071 680 1140; x_wconf 89' lang='lat' dir='ltr'>aspectu</span> <span class='ocrx_word' id='word_1_56' title='bbox 703 1058 877 1120; x_wconf 88' lang='lat' dir='ltr'>mortalibus</span> <span class='ocrx_word' id='word_1_57' title='bbox 900 1057 1023 1130; x_wconf 85' lang='lat' dir='ltr'>instans,</span> <span class='ocrx_word' id='word_1_58' title='bbox 1207 1058 1225 1114; x_wconf 85' lang='lat'><strong>6</strong></span> <span class='ocrx_word' id='word_1_59' title='bbox 1231 1071 1246 1131; x_wconf 87' lang='lat'>5</span> 
     </span>
    </p>

    <p class='ocr_par' dir='ltr' id='par_1_9' title="bbox 290 1147 1094 1228">
     <span class='ocr_line' id='line_1_10' title="bbox 290 1147 1094 1228; baseline -0.007 -18"><span class='ocrx_word' id='word_1_60' title='bbox 290 1149 419 1228; x_wconf 81' lang='lat' dir='ltr'>primunr</span> <span class='ocrx_word' id='word_1_61' title='bbox 443 1149 550 1212; x_wconf 89' lang='lat' dir='ltr'>Graius</span> <span class='ocrx_word' id='word_1_62' title='bbox 571 1151 664 1212; x_wconf 94' lang='lat' dir='ltr'>homo</span> <span class='ocrx_word' id='word_1_63' title='bbox 687 1147 820 1210; x_wconf 88' lang='lat' dir='ltr'>mortalis</span> <span class='ocrx_word' id='word_1_64' title='bbox 842 1147 966 1208; x_wconf 90' lang='lat' dir='ltr'>tendere</span> <span class='ocrx_word' id='word_1_65' title='bbox 989 1154 1094 1208; x_wconf 88' lang='lat' dir='ltr'>contra</span> 
     </span>
    </p>
   </div>
   <div class='ocr_carea' id='block_1_3' title="bbox 291 1442 743 1642">
    <p class='ocr_par' dir='ltr' id='par_1_10' title="bbox 291 1442 743 1642">
     <span class='ocr_line' id='line_1_11' title="bbox 291 1442 741 1500; baseline 0.013 -6"><span class='ocrx_word' id='word_1_66' title='bbox 291 1442 305 1494; x_wconf 77' lang='grc' dir='ltr'>ὲ</span> <span class='ocrx_word' id='word_1_67' title='bbox 327 1463 375 1498; x_wconf 89' lang='lat' dir='ltr'>res.</span> <span class='ocrx_word' id='word_1_68' title='bbox 397 1448 553 1498; x_wconf 86' lang='lat' dir='ltr'>Troveremo</span> <span class='ocrx_word' id='word_1_69' title='bbox 581 1449 645 1499; x_wconf 85' lang='lat' dir='ltr'>altre</span> <span class='ocrx_word' id='word_1_70' title='bbox 674 1450 741 1500; x_wconf 85' lang='lat' dir='ltr'>volte</span> 
     </span>
     <span class='ocr_line' id='line_1_12' title="bbox 292 1515 742 1583; baseline 0.002 -15"><span class='ocrx_word' id='word_1_71' title='bbox 292 1525 380 1583; x_wconf 83' lang='lat' dir='ltr'>questa</span> <span class='ocrx_word' id='word_1_72' title='bbox 399 1515 497 1580; x_wconf 67' lang='lat' dir='ltr'>liberta,</span> <span class='ocrx_word' id='word_1_73' title='bbox 511 1521 557 1569; x_wconf 87' lang='lat' dir='ltr'>che</span> <span class='ocrx_word' id='word_1_74' title='bbox 571 1522 638 1570; x_wconf 86' lang='lat' dir='ltr'>forse</span> <span class='ocrx_word' id='word_1_75' title='bbox 652 1521 678 1568; x_wconf 91' lang='lat' dir='ltr'>in</span> <span class='ocrx_word' id='word_1_76' title='bbox 691 1537 742 1569; x_wconf 85' lang='lat' dir='ltr'>una</span> 
     </span>
     <span class='ocr_line' id='line_1_13' title="bbox 292 1590 743 1642; baseline 0.004 -4"><span class='ocrx_word' id='word_1_77' title='bbox 292 1597 409 1639; x_wconf 81' lang='lat' dir='ltr'>accurata</span> <span class='ocrx_word' id='word_1_78' title='bbox 427 1590 552 1640; x_wconf 87' lang='lat' dir='ltr'>revisione</span> <span class='ocrx_word' id='word_1_79' title='bbox 577 1592 700 1642; x_wconf 87' lang='lat' dir='ltr'>Lucrezio</span> <span class='ocrx_word' id='word_1_80' title='bbox 718 1609 743 1640; x_wconf 89' lang='lat' dir='ltr'>a·</span> 
     </span>
    </p>
   </div>
   <div class='ocr_carea' id='block_1_4' title="bbox 290 1657 769 1727">
    <p class='ocr_par' dir='ltr' id='par_1_11' title="bbox 290 1657 769 1727">
     <span class='ocr_line' id='line_1_14' title="bbox 290 1657 769 1727; baseline 0.006 -19"><span class='ocrx_word' id='word_1_81' title='bbox 290 1661 386 1710; x_wconf 84' lang='lat' dir='ltr'>vrebbe</span> <span class='ocrx_word' id='word_1_82' title='bbox 405 1661 432 1710; x_wconf 90' lang='lat' dir='ltr'>in</span> <span class='ocrx_word' id='word_1_83' title='bbox 445 1671 515 1727; x_wconf 81' lang='lat' dir='ltr'>parte</span> <span class='ocrx_word' id='word_1_84' title='bbox 525 1662 665 1712; x_wconf 84' lang='lat' dir='ltr'>eliminato.</span> <span class='ocrx_word' id='word_1_85' title='bbox 678 1663 744 1714; x_wconf 89' lang='lat' dir='ltr'>Altri</span> <span class='ocrx_word' id='word_1_86' title='bbox 767 1657 769 1662; x_wconf 81' lang='grc'><strong>’</strong></span> 
     </span>
    </p>
   </div>
   <div class='ocr_carea' id='block_1_5' title="bbox 291 1731 748 3713">
    <p class='ocr_par' dir='ltr' id='par_1_12' title="bbox 292 1731 745 2006">
     <span class='ocr_line' id='line_1_15' title="bbox 292 1731 745 1792; baseline 0.009 -13"><span class='ocrx_word' id='word_1_87' title='bbox 292 1731 440 1782; x_wconf 84' lang='lat' dir='ltr'>riferiscono</span> <span class='ocrx_word' id='word_1_88' title='bbox 466 1735 551 1782; x_wconf 86' lang='lat' dir='ltr'>eadem</span> <span class='ocrx_word' id='word_1_89' title='bbox 569 1750 584 1783; x_wconf 76' lang='lat' dir='ltr'>a</span> <span class='ocrx_word' id='word_1_90' title='bbox 603 1742 710 1792; x_wconf 79' lang='lat' dir='ltr'>natura,</span> <span class='ocrx_word' id='word_1_91' title='bbox 731 1750 745 1783; x_wconf 86' lang='lat' dir='ltr'>e</span> 
     </span>
     <span class='ocr_line' id='line_1_16' title="bbox 294 1802 745 1869; baseline 0.004 -19"><span class='ocrx_word' id='word_1_92' title='bbox 294 1802 435 1852; x_wconf 88' lang='lat' dir='ltr'>intendono</span> <span class='ocrx_word' id='word_1_93' title='bbox 450 1811 584 1869; x_wconf 81' lang='lat' dir='ltr'>perempta</span> <span class='ocrx_word' id='word_1_94' title='bbox 596 1805 745 1855; x_wconf 82' lang='lat' dir='ltr'>sustantiva·</span> 
     </span>
     <span class='ocr_line' id='line_1_17' title="bbox 293 1874 745 1928; baseline 0.015 -7"><span class='ocrx_word' id='word_1_95' title='bbox 293 1882 390 1924; x_wconf 85' lang='lat' dir='ltr'>mente:</span> <span class='ocrx_word' id='word_1_96' title='bbox 413 1895 425 1918; x_wconf 78' lang='grc' dir='ltr'><strong><em>ι</em></strong></span> <span class='ocrx_word' id='word_1_97' title='bbox 441 1874 465 1924; x_wconf 89' lang='lat' dir='ltr'>le</span> <span class='ocrx_word' id='word_1_98' title='bbox 479 1890 538 1926; x_wconf 89' lang='lat' dir='ltr'>cose</span> <span class='ocrx_word' id='word_1_99' title='bbox 556 1875 659 1926; x_wconf 85' lang='lat' dir='ltr'>dislatte</span> <span class='ocrx_word' id='word_1_100' title='bbox 675 1895 697 1925; x_wconf 72' lang='grc' dir='ltr'>ι.</span> <span class='ocrx_word' id='word_1_101' title='bbox 707 1876 745 1928; x_wconf 69' lang='lat' dir='ltr'>«V.</span> 
     </span>
     <span class='ocr_line' id='line_1_18' title="bbox 293 1959 397 2006; baseline 0.019 -14"><span class='ocrx_word' id='word_1_102' title='bbox 293 1961 314 1992; x_wconf 88' lang='lat' dir='ltr'>v.</span> <span class='ocrx_word' id='word_1_103' title='bbox 340 1959 397 2006; x_wconf 91' lang='lat'>190.</span> 
     </span>
    </p>

    <p class='ocr_par' dir='ltr' id='par_1_13' title="bbox 291 2013 748 3713">
     <span class='ocr_line' id='line_1_19' title="bbox 328 2013 745 2082; baseline 0.007 -19"><span class='ocrx_word' id='word_1_104' title='bbox 328 2015 369 2080; x_wconf 82' lang='lat'>58.</span> <span class='ocrx_word' id='word_1_105' title='bbox 383 2017 507 2082; x_wconf 80' lang='lat' dir='ltr'>genitalia</span> <span class='ocrx_word' id='word_1_106' title='bbox 526 2025 648 2081; x_wconf 80' lang='lat' dir='ltr'>corpora:</span> <span class='ocrx_word' id='word_1_107' title='bbox 667 2013 745 2066; x_wconf 72' lang='lat' dir='ltr'>euna</span> 
     </span>
     <span class='ocr_line' id='line_1_20' title="bbox 293 2088 744 2152; baseline 0.004 -16"><span class='ocrx_word' id='word_1_108' title='bbox 293 2088 452 2152; x_wconf 82' lang='lat' dir='ltr'>espressione</span> <span class='ocrx_word' id='word_1_109' title='bbox 483 2103 538 2136; x_wconf 82' lang='lat' dir='ltr'>rara</span> <span class='ocrx_word' id='word_1_110' title='bbox 563 2088 590 2136; x_wconf 91' lang='lat' dir='ltr'>in</span> <span class='ocrx_word' id='word_1_111' title='bbox 614 2089 744 2138; x_wconf 88' lang='lat' dir='ltr'>Lucrezio.</span> 
     </span>
     <span class='ocr_line' id='line_1_21' title="bbox 293 2157 744 2221; baseline 0.011 -16"><span class='ocrx_word' id='word_1_112' title='bbox 293 2157 319 2206; x_wconf 92' lang='lat' dir='ltr'>Si</span> <span class='ocrx_word' id='word_1_113' title='bbox 340 2165 409 2206; x_wconf 86' lang='lat' dir='ltr'>trova</span> <span class='ocrx_word' id='word_1_114' title='bbox 427 2157 454 2206; x_wconf 88' lang='lat' dir='ltr'>in</span> <span class='ocrx_word' id='word_1_115' title='bbox 472 2159 493 2217; x_wconf 88' lang='lat'>1,</span> <span class='ocrx_word' id='word_1_116' title='bbox 521 2159 568 2221; x_wconf 84' lang='lat'>167</span> <span class='ocrx_word' id='word_1_117' title='bbox 590 2176 603 2208; x_wconf 91' lang='lat' dir='ltr'>e</span> <span class='ocrx_word' id='word_1_118' title='bbox 622 2161 656 2218; x_wconf 83' lang='lat'>11.</span> <span class='ocrx_word' id='word_1_119' title='bbox 677 2161 744 2210; x_wconf 79' lang='lat' dir='ltr'>oze</span> 
     </span>
     <span class='ocr_line' id='line_1_22' title="bbox 293 2227 745 2296; baseline 0.007 -19"><span class='ocrx_word' id='word_1_120' title='bbox 293 2227 351 2292; x_wconf 87' lang='lat'>548.</span> <span class='ocrx_word' id='word_1_121' title='bbox 372 2256 405 2264; x_wconf 96' lang='lat'><strong>—</strong></span> <span class='ocrx_word' id='word_1_122' title='bbox 423 2231 512 2277; x_wconf 85' lang='lat' dir='ltr'>rebus:</span> <span class='ocrx_word' id='word_1_123' title='bbox 531 2230 641 2295; x_wconf 88' lang='lat' dir='ltr'>dipende</span> <span class='ocrx_word' id='word_1_124' title='bbox 659 2232 692 2279; x_wconf 90' lang='lat' dir='ltr'>da</span> <span class='ocrx_word' id='word_1_125' title='bbox 702 2247 745 2296; x_wconf 84' lang='lat' dir='ltr'>ge·</span> 
     </span>
     <span class='ocr_line' id='line_1_23' title="bbox 292 2300 744 2352; baseline 0.009 -5"><span class='ocrx_word' id='word_1_126' title='bbox 292 2300 408 2348; x_wconf 73' lang='lat' dir='ltr'>niraltat</span> <span class='ocrx_word' id='word_1_127' title='bbox 435 2300 547 2350; x_wconf 85' lang='lat' dir='ltr'>Sarebbe</span> <span class='ocrx_word' id='word_1_128' title='bbox 574 2317 621 2351; x_wconf 88' lang='lat' dir='ltr'>uso</span> <span class='ocrx_word' id='word_1_129' title='bbox 646 2303 744 2352; x_wconf 83' lang='lat' dir='ltr'>arditis·</span> 
     </span>
     <span class='ocr_line' id='line_1_24' title="bbox 292 2371 743 2438; baseline 0.011 -20"><span class='ocrx_word' id='word_1_130' title='bbox 292 2371 371 2432; x_wconf 82' lang='lat' dir='ltr'>sim03</span> <span class='ocrx_word' id='word_1_131' title='bbox 391 2371 447 2420; x_wconf 82' lang='lat' dir='ltr'>anzi</span> <span class='ocrx_word' id='word_1_132' title='bbox 466 2371 493 2419; x_wconf 91' lang='lat' dir='ltr'>in</span> <span class='ocrx_word' id='word_1_133' title='bbox 512 2372 546 2433; x_wconf 84' lang='grc' dir='ltr'>ΙΙ,</span> <span class='ocrx_word' id='word_1_134' title='bbox 568 2372 619 2438; x_wconf 87' lang='grc'>548</span> <span class='ocrx_word' id='word_1_135' title='bbox 638 2371 743 2422; x_wconf 70' lang='lat' dir='ltr'>edocu-</span> 
     </span>
     <span class='ocr_line' id='line_1_25' title="bbox 292 2442 744 2509; baseline 0.009 -19"><span class='ocrx_word' id='word_1_136' title='bbox 292 2449 405 2492; x_wconf 83' lang='lat' dir='ltr'>mentato</span> <span class='ocrx_word' id='word_1_137' title='bbox 437 2442 453 2490; x_wconf 89' lang='lat' dir='ltr'>l’</span> <span class='ocrx_word' id='word_1_138' title='bbox 466 2458 511 2492; x_wconf 91' lang='lat' dir='ltr'>uso</span> <span class='ocrx_word' id='word_1_139' title='bbox 543 2444 585 2494; x_wconf 88' lang='lat' dir='ltr'>del</span> <span class='ocrx_word' id='word_1_140' title='bbox 618 2446 744 2509; x_wconf 87' lang='lat' dir='ltr'>genitivo:</span> 
     </span>
     <span class='ocr_line' id='line_1_26' title="bbox 292 2514 746 2581; baseline 0.004 -19"><span class='ocrx_word' id='word_1_141' title='bbox 292 2520 401 2578; x_wconf 85' lang='lat' dir='ltr'>corpora</span> <span class='ocrx_word' id='word_1_142' title='bbox 419 2514 515 2563; x_wconf 88' lang='lat' dir='ltr'>iactari</span> <span class='ocrx_word' id='word_1_143' title='bbox 532 2517 612 2564; x_wconf 87' lang='lat' dir='ltr'>unius</span> <span class='ocrx_word' id='word_1_144' title='bbox 621 2517 746 2581; x_wconf 76' lang='lat' dir='ltr'>genitalia</span> 
     </span>
     <span class='ocr_line' id='line_1_27' title="bbox 291 2585 746 2650; baseline 0.004 -17"><span class='ocrx_word' id='word_1_145' title='bbox 291 2586 338 2633; x_wconf 87' lang='lat' dir='ltr'>rei.</span> <span class='ocrx_word' id='word_1_146' title='bbox 358 2585 474 2650; x_wconf 90' lang='lat' dir='ltr'>Esempii</span> <span class='ocrx_word' id='word_1_147' title='bbox 498 2585 525 2634; x_wconf 94' lang='lat' dir='ltr'>di</span> <span class='ocrx_word' id='word_1_148' title='bbox 552 2587 630 2636; x_wconf 86' lang='lat' dir='ltr'>dativi</span> <span class='ocrx_word' id='word_1_149' title='bbox 658 2603 705 2636; x_wconf 88' lang='lat' dir='ltr'>ove</span> <span class='ocrx_word' id='word_1_150' title='bbox 724 2587 746 2635; x_wconf 88' lang='lat' dir='ltr'>si</span> 
     </span>
     <span class='ocr_line' id='line_1_28' title="bbox 292 2656 746 2722; baseline 0.004 -18"><span class='ocrx_word' id='word_1_151' title='bbox 292 2657 470 2720; x_wconf 87' lang='lat' dir='ltr'>aspetterebbe</span> <span class='ocrx_word' id='word_1_152' title='bbox 489 2656 508 2704; x_wconf 90' lang='lat' dir='ltr'>il</span> <span class='ocrx_word' id='word_1_153' title='bbox 527 2659 640 2722; x_wconf 85' lang='lat' dir='ltr'>genitivo</span> <span class='ocrx_word' id='word_1_154' title='bbox 659 2673 746 2722; x_wconf 88' lang='lat' dir='ltr'>presso</span> 
     </span>
     <span class='ocr_line' id='line_1_29' title="bbox 292 2727 746 2792; baseline 0 -16"><span class='ocrx_word' id='word_1_155' title='bbox 292 2727 414 2776; x_wconf 84' lang='lat' dir='ltr'>Lucrezio</span> <span class='ocrx_word' id='word_1_156' title='bbox 428 2727 449 2776; x_wconf 84' lang='lat' dir='ltr'>si</span> <span class='ocrx_word' id='word_1_157' title='bbox 463 2727 590 2778; x_wconf 86' lang='lat' dir='ltr'>ritrovano</span> <span class='ocrx_word' id='word_1_158' title='bbox 603 2729 638 2792; x_wconf 89' lang='lat' dir='ltr'>(v.</span> <span class='ocrx_word' id='word_1_159' title='bbox 652 2729 746 2777; x_wconf 91' lang='lat' dir='ltr'>Munro</span> 
     </span>
     <span class='ocr_line' id='line_1_30' title="bbox 291 2796 746 2864; baseline 0.002 -18"><span class='ocrx_word' id='word_1_160' title='bbox 291 2814 306 2846; x_wconf 84' lang='lat' dir='ltr'>a</span> <span class='ocrx_word' id='word_1_161' title='bbox 325 2813 350 2864; x_wconf 91' lang='lat' dir='ltr'>q.</span> <span class='ocrx_word' id='word_1_162' title='bbox 364 2796 402 2862; x_wconf 91' lang='lat'>1.).</span> <span class='ocrx_word' id='word_1_163' title='bbox 423 2799 486 2848; x_wconf 85' lang='lat' dir='ltr'>Pare</span> <span class='ocrx_word' id='word_1_164' title='bbox 504 2815 520 2847; x_wconf 89' lang='lat' dir='ltr'>a</span> <span class='ocrx_word' id='word_1_165' title='bbox 539 2799 611 2849; x_wconf 88' lang='lat' dir='ltr'>molti</span> <span class='ocrx_word' id='word_1_166' title='bbox 628 2800 674 2849; x_wconf 89' lang='lat' dir='ltr'>che</span> <span class='ocrx_word' id='word_1_167' title='bbox 694 2814 746 2848; x_wconf 91' lang='lat' dir='ltr'>non</span> 
     </span>
     <span class='ocr_line' id='line_1_31' title="bbox 292 2869 746 2936; baseline 0.002 -19"><span class='ocrx_word' id='word_1_168' title='bbox 292 2869 361 2918; x_wconf 81' lang='lat' dir='ltr'>losse</span> <span class='ocrx_word' id='word_1_169' title='bbox 386 2869 509 2935; x_wconf 87' lang='lat' dir='ltr'>possibile</span> <span class='ocrx_word' id='word_1_170' title='bbox 535 2871 580 2935; x_wconf 90' lang='lat' dir='ltr'>qui</span> <span class='ocrx_word' id='word_1_171' title='bbox 608 2871 746 2936; x_wconf 84' lang='lat' dir='ltr'>adoperare</span> 
     </span>
     <span class='ocr_line' id='line_1_32' title="bbox 292 2937 747 3006; baseline 0.002 -18"><span class='ocrx_word' id='word_1_172' title='bbox 292 2955 391 3000; x_wconf 88' lang='lat' dir='ltr'>rerum,</span> <span class='ocrx_word' id='word_1_173' title='bbox 416 2937 509 3006; x_wconf 62' lang='lat' dir='ltr'>percbd</span> <span class='ocrx_word' id='word_1_174' title='bbox 532 2942 613 2991; x_wconf 85' lang='lat' dir='ltr'>anche</span> <span class='ocrx_word' id='word_1_175' title='bbox 635 2941 654 2990; x_wconf 96' lang='lat' dir='ltr'>il</span> <span class='ocrx_word' id='word_1_176' title='bbox 673 2956 747 2990; x_wconf 90' lang='lat' dir='ltr'>verso</span> 
     </span>
     <span class='ocr_line' id='line_1_33' title="bbox 293 3011 746 3078; baseline 0.004 -18"><span class='ocrx_word' id='word_1_177' title='bbox 293 3020 415 3078; x_wconf 65' lang='lat' dir='ltr'>aeguente</span> <span class='ocrx_word' id='word_1_178' title='bbox 431 3011 510 3060; x_wconf 87' lang='lat' dir='ltr'>finiva</span> <span class='ocrx_word' id='word_1_179' title='bbox 528 3027 577 3061; x_wconf 93' lang='lat' dir='ltr'>con</span> <span class='ocrx_word' id='word_1_180' title='bbox 596 3014 631 3062; x_wconf 86' lang='lat' dir='ltr'>tal</span> <span class='ocrx_word' id='word_1_181' title='bbox 650 3012 746 3078; x_wconf 76' lang='lat' dir='ltr'>parole.</span> 
     </span>
     <span class='ocr_line' id='line_1_34' title="bbox 293 3081 746 3148; baseline 0 -16"><span class='ocrx_word' id='word_1_182' title='bbox 293 3081 440 3146; x_wconf 84' lang='lat' dir='ltr'>Eragione</span> <span class='ocrx_word' id='word_1_183' title='bbox 465 3082 512 3131; x_wconf 88' lang='lat' dir='ltr'>che</span> <span class='ocrx_word' id='word_1_184' title='bbox 530 3099 576 3148; x_wconf 90' lang='lat' dir='ltr'>per</span> <span class='ocrx_word' id='word_1_185' title='bbox 599 3084 674 3134; x_wconf 89' lang='lat' dir='ltr'>Luer.</span> <span class='ocrx_word' id='word_1_186' title='bbox 694 3099 746 3132; x_wconf 89' lang='lat' dir='ltr'>non</span> 
     </span>
     <span class='ocr_line' id='line_1_35' title="bbox 294 3151 747 3218; baseline 0.011 -19"><span class='ocrx_word' id='word_1_187' title='bbox 294 3153 349 3202; x_wconf 87' lang='lat' dir='ltr'>vale</span> <span class='ocrx_word' id='word_1_188' title='bbox 369 3153 403 3216; x_wconf 85' lang='lat' dir='ltr'>(v.</span> <span class='ocrx_word' id='word_1_189' title='bbox 418 3161 478 3202; x_wconf 89' lang='lat' dir='ltr'>nota</span> <span class='ocrx_word' id='word_1_190' title='bbox 494 3170 508 3202; x_wconf 88' lang='lat' dir='ltr'>a</span> <span class='ocrx_word' id='word_1_191' title='bbox 522 3154 593 3218; x_wconf 86' lang='lat'>720).</span> <span class='ocrx_word' id='word_1_192' title='bbox 613 3155 674 3204; x_wconf 93' lang='lat' dir='ltr'>Non</span> <span class='ocrx_word' id='word_1_193' title='bbox 688 3151 701 3204; x_wconf 74' lang='grc' dir='ltr'>ὲ</span> <span class='ocrx_word' id='word_1_194' title='bbox 715 3155 747 3204; x_wconf 91' lang='lat' dir='ltr'>da</span> 
     </span>
     <span class='ocr_line' id='line_1_36' title="bbox 293 3224 748 3290; baseline 0.007 -18"><span class='ocrx_word' id='word_1_195' title='bbox 293 3239 400 3289; x_wconf 86' lang='lat' dir='ltr'>pensare</span> <span class='ocrx_word' id='word_1_196' title='bbox 419 3241 433 3272; x_wconf 84' lang='lat' dir='ltr'>a</span> <span class='ocrx_word' id='word_1_197' title='bbox 451 3224 490 3272; x_wconf 82' lang='lat' dir='ltr'>lar</span> <span class='ocrx_word' id='word_1_198' title='bbox 508 3226 647 3290; x_wconf 86' lang='lat' dir='ltr'>dipendere</span> <span class='ocrx_word' id='word_1_199' title='bbox 673 3227 748 3275; x_wconf 73' lang='lat' dir='ltr'>rrbus</span> 
     </span>
     <span class='ocr_line' id='line_1_37' title="bbox 293 3294 746 3347; baseline 0.007 -5"><span class='ocrx_word' id='word_1_200' title='bbox 293 3294 326 3343; x_wconf 86' lang='lat' dir='ltr'>da</span> <span class='ocrx_word' id='word_1_201' title='bbox 350 3295 488 3345; x_wconf 83' lang='lat' dir='ltr'>reddenda.</span> <span class='ocrx_word' id='word_1_202' title='bbox 513 3298 549 3345; x_wconf 91' lang='lat' dir='ltr'>In</span> <span class='ocrx_word' id='word_1_203' title='bbox 568 3299 669 3347; x_wconf 84' lang='lat' dir='ltr'>ratione</span> <span class='ocrx_word' id='word_1_204' title='bbox 689 3298 746 3345; x_wconf 85' lang='lat' dir='ltr'>red·</span> 
     </span>
     <span class='ocr_line' id='line_1_38' title="bbox 294 3366 747 3432; baseline 0.009 -19"><span class='ocrx_word' id='word_1_205' title='bbox 294 3366 377 3413; x_wconf 86' lang='lat' dir='ltr'>denda</span> <span class='ocrx_word' id='word_1_206' title='bbox 390 3367 466 3414; x_wconf 85' lang='lat' dir='ltr'>rebus</span> <span class='ocrx_word' id='word_1_207' title='bbox 483 3369 608 3432; x_wconf 87' lang='lat' dir='ltr'>potrebbe</span> <span class='ocrx_word' id='word_1_208' title='bbox 627 3369 694 3418; x_wconf 85' lang='lat' dir='ltr'>lorse</span> <span class='ocrx_word' id='word_1_209' title='bbox 714 3369 747 3417; x_wconf 93' lang='lat' dir='ltr'>si·</span> 
     </span>
     <span class='ocr_line' id='line_1_39' title="bbox 293 3435 747 3504; baseline 0.011 -21"><span class='ocrx_word' id='word_1_210' title='bbox 293 3435 426 3500; x_wconf 85' lang='lat' dir='ltr'>gnifieare:</span> <span class='ocrx_word' id='word_1_211' title='bbox 449 3456 461 3480; x_wconf 75' lang='grc' dir='ltr'><strong><em>ι</em></strong></span> <span class='ocrx_word' id='word_1_212' title='bbox 478 3439 677 3504; x_wconf 85' lang='lat' dir='ltr'>nell&#39;assegnare</span> <span class='ocrx_word' id='word_1_213' title='bbox 696 3456 747 3488; x_wconf 89' lang='lat' dir='ltr'>una</span> 
     </span>
     <span class='ocr_line' id='line_1_40' title="bbox 293 3507 745 3571; baseline 0.009 -16"><span class='ocrx_word' id='word_1_214' title='bbox 293 3507 454 3571; x_wconf 86' lang='lat' dir='ltr'>spiegazione</span> <span class='ocrx_word' id='word_1_215' title='bbox 484 3510 534 3560; x_wconf 80' lang='lat' dir='ltr'>alle</span> <span class='ocrx_word' id='word_1_216' title='bbox 565 3526 623 3561; x_wconf 86' lang='lat' dir='ltr'>cose</span> <span class='ocrx_word' id='word_1_217' title='bbox 648 3513 681 3558; x_wconf 75' lang='lat' dir='ltr'>»l</span> <span class='ocrx_word' id='word_1_218' title='bbox 714 3537 745 3546; x_wconf 95' lang='lat'>-</span> 
     </span>
     <span class='ocr_line' id='line_1_41' title="bbox 294 3576 747 3647; baseline 0.009 -21"><span class='ocrx_word' id='word_1_219' title='bbox 294 3576 405 3628; x_wconf 84' lang='lat' dir='ltr'>Sarebbe</span> <span class='ocrx_word' id='word_1_220' title='bbox 434 3587 526 3647; x_wconf 88' lang='lat' dir='ltr'>troppo</span> <span class='ocrx_word' id='word_1_221' title='bbox 556 3590 674 3634; x_wconf 84' lang='lat' dir='ltr'>stentato.</span> <span class='ocrx_word' id='word_1_222' title='bbox 707 3582 747 3634; x_wconf 83' lang='lat' dir='ltr'>Ad</span> 
     </span>
     <span class='ocr_line' id='line_1_42' title="bbox 294 3649 747 3713; baseline 0.013 -16"><span class='ocrx_word' id='word_1_223' title='bbox 294 3649 356 3713; x_wconf 83' lang='lat' dir='ltr'>ogni</span> <span class='ocrx_word' id='word_1_224' title='bbox 384 3651 461 3702; x_wconf 87' lang='lat' dir='ltr'>modo</span> <span class='ocrx_word' id='word_1_225' title='bbox 486 3655 591 3703; x_wconf 81' lang='lat' dir='ltr'>reddere</span> <span class='ocrx_word' id='word_1_226' title='bbox 621 3655 747 3704; x_wconf 84' lang='lat' dir='ltr'>rationem</span> 
     </span>
    </p>
   </div>
   <div class='ocr_carea' id='block_1_6' title="bbox 796 1445 1262 3702">
    <p class='ocr_par' dir='ltr' id='par_1_14' title="bbox 796 1445 1250 1581">
     <span class='ocr_line' id='line_1_43' title="bbox 796 1445 1250 1514; baseline -0.009 -16"><span class='ocrx_word' id='word_1_227' title='bbox 796 1465 842 1514; x_wconf 85' lang='lat' dir='ltr'>per</span> <span class='ocrx_word' id='word_1_228' title='bbox 870 1468 881 1491; x_wconf 76' lang='lat' dir='ltr'>t</span> <span class='ocrx_word' id='word_1_229' title='bbox 902 1448 1018 1513; x_wconf 83' lang='lat' dir='ltr'>spiegare</span> <span class='ocrx_word' id='word_1_230' title='bbox 1040 1465 1051 1489; x_wconf 71' lang='grc' dir='ltr'><strong><em>ι</em></strong></span> <span class='ocrx_word' id='word_1_231' title='bbox 1079 1463 1095 1496; x_wconf 96' lang='lat' dir='ltr'>o</span> <span class='ocrx_word' id='word_1_232' title='bbox 1118 1467 1130 1491; x_wconf 79' lang='lat' dir='ltr'>e</span> <span class='ocrx_word' id='word_1_233' title='bbox 1152 1445 1250 1496; x_wconf 88' lang='lat' dir='ltr'>dichia-</span> 
     </span>
     <span class='ocr_line' id='line_1_44' title="bbox 796 1515 1079 1581; baseline -0.004 -12"><span class='ocrx_word' id='word_1_234' title='bbox 796 1537 851 1570; x_wconf 87' lang='lat' dir='ltr'>rare</span> <span class='ocrx_word' id='word_1_235' title='bbox 871 1538 884 1562; x_wconf 70' lang='grc' dir='ltr'><strong><em>ι</em></strong></span> <span class='ocrx_word' id='word_1_236' title='bbox 906 1515 966 1568; x_wconf 73' lang='lat' dir='ltr'>ein</span> <span class='ocrx_word' id='word_1_237' title='bbox 985 1519 1016 1578; x_wconf 89' lang='lat' dir='ltr'>V,</span> <span class='ocrx_word' id='word_1_238' title='bbox 1037 1517 1079 1581; x_wconf 89' lang='lat'>67.</span> 
     </span>
    </p>

    <p class='ocr_par' dir='ltr' id='par_1_15' title="bbox 798 1589 1257 2153">
     <span class='ocr_line' id='line_1_45' title="bbox 804 1589 1252 1661; baseline -0.007 -21"><span class='ocrx_word' id='word_1_239' title='bbox 804 1644 811 1661; x_wconf 31' lang='grc' dir='ltr'>ἱ</span> <span class='ocrx_word' id='word_1_240' title='bbox 835 1595 877 1640; x_wconf 87' lang='lat'>60.</span> <span class='ocrx_word' id='word_1_241' title='bbox 891 1595 1007 1640; x_wconf 76' lang='lat' dir='ltr'>suimus:</span> <span class='ocrx_word' id='word_1_242' title='bbox 1026 1609 1036 1631; x_wconf 82' lang='grc' dir='ltr'>ι</span> <span class='ocrx_word' id='word_1_243' title='bbox 1053 1590 1134 1638; x_wconf 81' lang='lat' dir='ltr'>siamo</span> <span class='ocrx_word' id='word_1_244' title='bbox 1148 1589 1252 1638; x_wconf 83' lang='lat' dir='ltr'>soliti».</span> 
     </span>
     <span class='ocr_line' id='line_1_46' title="bbox 799 1661 1252 1725; baseline -0.007 -14"><span class='ocrx_word' id='word_1_245' title='bbox 799 1663 821 1712; x_wconf 92' lang='grc' dir='ltr'><strong>Ε</strong></span> <span class='ocrx_word' id='word_1_246' title='bbox 840 1662 972 1711; x_wconf 89' lang='lat' dir='ltr'>trisillabo.</span> <span class='ocrx_word' id='word_1_247' title='bbox 993 1687 1026 1697; x_wconf 94' lang='lat'><em>-</em></span> <span class='ocrx_word' id='word_1_248' title='bbox 1052 1669 1200 1725; x_wconf 80' lang='lat' dir='ltr'>usurpare:</span> <span class='ocrx_word' id='word_1_249' title='bbox 1218 1661 1252 1710; x_wconf 92' lang='lat' dir='ltr'>si·</span> 
     </span>
     <span class='ocr_line' id='line_1_47' title="bbox 799 1732 1251 1796; baseline -0.002 -15"><span class='ocrx_word' id='word_1_250' title='bbox 799 1733 905 1782; x_wconf 85' lang='lat' dir='ltr'>nonimo</span> <span class='ocrx_word' id='word_1_251' title='bbox 924 1733 950 1781; x_wconf 94' lang='lat' dir='ltr'>di</span> <span class='ocrx_word' id='word_1_252' title='bbox 969 1747 1061 1780; x_wconf 78' lang='lat' dir='ltr'>vocare</span> <span class='ocrx_word' id='word_1_253' title='bbox 1079 1748 1093 1781; x_wconf 87' lang='lat' dir='ltr'>e</span> <span class='ocrx_word' id='word_1_254' title='bbox 1112 1732 1251 1796; x_wconf 81' lang='lat' dir='ltr'>appellare.</span> 
     </span>
     <span class='ocr_line' id='line_1_48' title="bbox 798 1801 1253 1870; baseline -0.007 -17"><span class='ocrx_word' id='word_1_255' title='bbox 798 1804 831 1854; x_wconf 90' lang='lat' dir='ltr'>In</span> <span class='ocrx_word' id='word_1_256' title='bbox 859 1810 949 1870; x_wconf 88' lang='lat' dir='ltr'>questo</span> <span class='ocrx_word' id='word_1_257' title='bbox 978 1801 1123 1867; x_wconf 85' lang='lat' dir='ltr'>significato</span> <span class='ocrx_word' id='word_1_258' title='bbox 1150 1817 1202 1850; x_wconf 91' lang='lat' dir='ltr'>non</span> <span class='ocrx_word' id='word_1_259' title='bbox 1231 1802 1253 1851; x_wconf 92' lang='lat' dir='ltr'>si</span> 
     </span>
     <span class='ocr_line' id='line_1_49' title="bbox 800 1873 1254 1940; baseline -0.002 -16"><span class='ocrx_word' id='word_1_260' title='bbox 800 1881 870 1924; x_wconf 82' lang='lat' dir='ltr'>trova</span> <span class='ocrx_word' id='word_1_261' title='bbox 888 1875 984 1924; x_wconf 83' lang='lat' dir='ltr'>altrove</span> <span class='ocrx_word' id='word_1_262' title='bbox 1008 1889 1095 1940; x_wconf 87' lang='lat' dir='ltr'>presso</span> <span class='ocrx_word' id='word_1_263' title='bbox 1121 1873 1254 1923; x_wconf 87' lang='lat' dir='ltr'>Lucrezio.</span> 
     </span>
     <span class='ocr_line' id='line_1_50' title="bbox 799 1944 1251 2010; baseline 0 -16"><span class='ocrx_word' id='word_1_264' title='bbox 799 1945 850 1995; x_wconf 86' lang='lat' dir='ltr'>Nel</span> <span class='ocrx_word' id='word_1_265' title='bbox 877 1944 1020 2010; x_wconf 86' lang='lat' dir='ltr'>significato</span> <span class='ocrx_word' id='word_1_266' title='bbox 1047 1945 1074 1993; x_wconf 93' lang='lat' dir='ltr'>di</span> <span class='ocrx_word' id='word_1_267' title='bbox 1104 1965 1116 1989; x_wconf 76' lang='grc' dir='ltr'><strong><em>ι</em></strong></span> <span class='ocrx_word' id='word_1_268' title='bbox 1138 1959 1213 1994; x_wconf 81' lang='lat' dir='ltr'>usare</span> <span class='ocrx_word' id='word_1_269' title='bbox 1241 1965 1251 1987; x_wconf 73' lang='grc' dir='ltr'><strong><em>ι</em></strong></span> 
     </span>
     <span class='ocr_line' id='line_1_51' title="bbox 798 2013 1257 2082; baseline 0.004 -18"><span class='ocrx_word' id='word_1_270' title='bbox 798 2017 863 2081; x_wconf 83' lang='lat' dir='ltr'>(una</span> <span class='ocrx_word' id='word_1_271' title='bbox 881 2017 980 2082; x_wconf 87' lang='lat' dir='ltr'>parola)</span> <span class='ocrx_word' id='word_1_272' title='bbox 1000 2013 1014 2065; x_wconf 72' lang='grc' dir='ltr'>ὲ</span> <span class='ocrx_word' id='word_1_273' title='bbox 1029 2017 1164 2082; x_wconf 86' lang='lat' dir='ltr'>frequente</span> <span class='ocrx_word' id='word_1_274' title='bbox 1182 2016 1257 2066; x_wconf 83' lang='lat' dir='ltr'>nella</span> 
     </span>
     <span class='ocr_line' id='line_1_52' title="bbox 799 2089 1005 2153; baseline 0.005 -17"><span class='ocrx_word' id='word_1_275' title='bbox 799 2103 874 2153; x_wconf 91' lang='lat' dir='ltr'>prosa</span> <span class='ocrx_word' id='word_1_276' title='bbox 892 2089 1005 2139; x_wconf 83' lang='lat' dir='ltr'>classica.</span> 
     </span>
    </p>

    <p class='ocr_par' dir='ltr' id='par_1_16' title="bbox 800 2159 1257 2352">
     <span class='ocr_line' id='line_1_53' title="bbox 836 2159 1256 2208; baseline -0.005 0"><span class='ocrx_word' id='word_1_277' title='bbox 836 2160 878 2208; x_wconf 87' lang='lat'>62.</span> <span class='ocrx_word' id='word_1_278' title='bbox 899 2162 1038 2208; x_wconf 79' lang='lat' dir='ltr'>humana...</span> <span class='ocrx_word' id='word_1_279' title='bbox 1062 2160 1135 2208; x_wconf 84' lang='lat' dir='ltr'>vita:</span> <span class='ocrx_word' id='word_1_280' title='bbox 1162 2179 1173 2201; x_wconf 75' lang='grc' dir='ltr'>ι</span> <span class='ocrx_word' id='word_1_281' title='bbox 1196 2159 1212 2206; x_wconf 87' lang='lat' dir='ltr'>l&#39;</span> <span class='ocrx_word' id='word_1_282' title='bbox 1226 2174 1256 2207; x_wconf 93' lang='lat' dir='ltr'>u-</span> 
     </span>
     <span class='ocr_line' id='line_1_54' title="bbox 800 2228 1257 2294; baseline 0 -16"><span class='ocrx_word' id='word_1_283' title='bbox 800 2228 896 2280; x_wconf 72' lang='lat' dir='ltr'>manitl</span> <span class='ocrx_word' id='word_1_284' title='bbox 911 2251 933 2279; x_wconf 80' lang='grc' dir='ltr'>ι.</span> <span class='ocrx_word' id='word_1_285' title='bbox 947 2257 981 2266; x_wconf 91' lang='lat'><em>-</em></span> <span class='ocrx_word' id='word_1_286' title='bbox 1000 2238 1060 2279; x_wconf 89' lang='lat' dir='ltr'>ante</span> <span class='ocrx_word' id='word_1_287' title='bbox 1073 2230 1158 2278; x_wconf 83' lang='lat' dir='ltr'>oculos</span> <span class='ocrx_word' id='word_1_288' title='bbox 1174 2249 1185 2274; x_wconf 84' lang='grc' dir='ltr'>ι</span> <span class='ocrx_word' id='word_1_289' title='bbox 1202 2231 1257 2294; x_wconf 83' lang='lat' dir='ltr'>agli</span> 
     </span>
     <span class='ocr_line' id='line_1_55' title="bbox 800 2302 1038 2352; baseline 0.004 -1"><span class='ocrx_word' id='word_1_290' title='bbox 800 2302 872 2351; x_wconf 88' lang='lat' dir='ltr'>occhi</span> <span class='ocrx_word' id='word_1_291' title='bbox 891 2302 917 2350; x_wconf 90' lang='lat' dir='ltr'>di</span> <span class='ocrx_word' id='word_1_292' title='bbox 936 2303 996 2351; x_wconf 91' lang='lat' dir='ltr'>tutti</span> <span class='ocrx_word' id='word_1_293' title='bbox 1016 2321 1038 2352; x_wconf 72' lang='lat'>².</span> 
     </span>
    </p>

    <p class='ocr_par' dir='ltr' id='par_1_17' title="bbox 800 2373 1257 2494">
     <span class='ocr_line' id='line_1_56' title="bbox 837 2373 1257 2437; baseline -0.005 -15"><span class='ocrx_word' id='word_1_294' title='bbox 837 2374 879 2437; x_wconf 89' lang='lat'>63.</span> <span class='ocrx_word' id='word_1_295' title='bbox 898 2375 927 2422; x_wconf 85' lang='lat' dir='ltr'>in</span> <span class='ocrx_word' id='word_1_296' title='bbox 946 2374 1024 2422; x_wconf 81' lang='lat' dir='ltr'>terris</span> <span class='ocrx_word' id='word_1_297' title='bbox 1043 2393 1077 2413; x_wconf 86' lang='lat'>=</span> <span class='ocrx_word' id='word_1_298' title='bbox 1089 2373 1118 2420; x_wconf 88' lang='lat' dir='ltr'>in</span> <span class='ocrx_word' id='word_1_299' title='bbox 1132 2374 1190 2421; x_wconf 84' lang='lat' dir='ltr'>orbe</span> <span class='ocrx_word' id='word_1_300' title='bbox 1203 2379 1257 2421; x_wconf 87' lang='lat' dir='ltr'>ter-</span> 
     </span>
     <span class='ocr_line' id='line_1_57' title="bbox 800 2443 1147 2494; baseline -0.006 1"><span class='ocrx_word' id='word_1_301' title='bbox 800 2461 893 2494; x_wconf 85' lang='lat' dir='ltr'>rarum</span> <span class='ocrx_word' id='word_1_302' title='bbox 915 2464 926 2488; x_wconf 76' lang='lat' dir='ltr'>e</span> <span class='ocrx_word' id='word_1_303' title='bbox 948 2444 988 2492; x_wconf 89' lang='lat' dir='ltr'>sul</span> <span class='ocrx_word' id='word_1_304' title='bbox 1008 2443 1103 2492; x_wconf 88' lang='lat' dir='ltr'>mondo</span> <span class='ocrx_word' id='word_1_305' title='bbox 1124 2463 1147 2493; x_wconf 78' lang='grc' dir='ltr'>ι.</span> 
     </span>
    </p>

    <p class='ocr_par' dir='ltr' id='par_1_18' title="bbox 798 2515 1259 3148">
     <span class='ocr_line' id='line_1_58' title="bbox 837 2515 1256 2580; baseline -0.01 -14"><span class='ocrx_word' id='word_1_306' title='bbox 837 2517 884 2579; x_wconf 68' lang='lat'>65„</span> <span class='ocrx_word' id='word_1_307' title='bbox 900 2516 1077 2564; x_wconf 80' lang='lat' dir='ltr'>mortalibus...</span> <span class='ocrx_word' id='word_1_308' title='bbox 1096 2523 1199 2580; x_wconf 82' lang='lat' dir='ltr'>super...</span> <span class='ocrx_word' id='word_1_309' title='bbox 1213 2515 1256 2563; x_wconf 85' lang='lat' dir='ltr'>in·</span> 
     </span>
     <span class='ocr_line' id='line_1_59' title="bbox 801 2585 1258 2651; baseline -0.002 -14"><span class='ocrx_word' id='word_1_310' title='bbox 801 2596 888 2637; x_wconf 83' lang='lat' dir='ltr'>stans:</span> <span class='ocrx_word' id='word_1_311' title='bbox 912 2604 926 2634; x_wconf 84' lang='lat' dir='ltr'>a</span> <span class='ocrx_word' id='word_1_312' title='bbox 955 2595 1046 2651; x_wconf 88' lang='lat' dir='ltr'>questo</span> <span class='ocrx_word' id='word_1_313' title='bbox 1074 2601 1149 2651; x_wconf 89' lang='lat' dir='ltr'>passo</span> <span class='ocrx_word' id='word_1_314' title='bbox 1173 2585 1258 2636; x_wconf 82' lang='lat' dir='ltr'>alluse</span> 
     </span>
     <span class='ocr_line' id='line_1_60' title="bbox 801 2657 1258 2724; baseline -0.004 -15"><span class='ocrx_word' id='word_1_315' title='bbox 801 2657 1008 2724; x_wconf 86' lang='lat' dir='ltr'>probabilmente</span> <span class='ocrx_word' id='word_1_316' title='bbox 1023 2657 1117 2716; x_wconf 87' lang='lat' dir='ltr'>Servio,</span> <span class='ocrx_word' id='word_1_317' title='bbox 1137 2657 1169 2704; x_wconf 87' lang='lat' dir='ltr'>ad</span> <span class='ocrx_word' id='word_1_318' title='bbox 1188 2660 1258 2707; x_wconf 83' lang='lat' dir='ltr'>Aen.</span> 
     </span>
     <span class='ocr_line' id='line_1_61' title="bbox 800 2725 1258 2790; baseline -0.004 -12"><span class='ocrx_word' id='word_1_319' title='bbox 800 2729 871 2789; x_wconf 81' lang='lat' dir='ltr'>VIII,</span> <span class='ocrx_word' id='word_1_320' title='bbox 895 2725 942 2790; x_wconf 88' lang='lat'>187</span> <span class='ocrx_word' id='word_1_321' title='bbox 962 2749 973 2772; x_wconf 78' lang='grc' dir='ltr'><strong><em>ι</em></strong></span> <span class='ocrx_word' id='word_1_322' title='bbox 989 2737 1038 2777; x_wconf 83' lang='lat' dir='ltr'>aut</span> <span class='ocrx_word' id='word_1_323' title='bbox 1048 2728 1188 2778; x_wconf 79' lang='lat' dir='ltr'>secundum</span> <span class='ocrx_word' id='word_1_324' title='bbox 1201 2728 1258 2776; x_wconf 89' lang='lat' dir='ltr'>Lu·</span> 
     </span>
     <span class='ocr_line' id='line_1_62' title="bbox 804 2801 1259 2864; baseline -0.002 -16"><span class='ocrx_word' id='word_1_325' title='bbox 804 2802 912 2850; x_wconf 87' lang='lat' dir='ltr'>cretium</span> <span class='ocrx_word' id='word_1_326' title='bbox 940 2801 1088 2864; x_wconf 81' lang='lat' dir='ltr'>superstitio</span> <span class='ocrx_word' id='word_1_327' title='bbox 1113 2805 1151 2848; x_wconf 88' lang='lat' dir='ltr'>est</span> <span class='ocrx_word' id='word_1_328' title='bbox 1167 2807 1259 2862; x_wconf 78' lang='lat' dir='ltr'>super-</span> 
     </span>
     <span class='ocr_line' id='line_1_63' title="bbox 802 2870 1257 2930; baseline -0.002 -11"><span class='ocrx_word' id='word_1_329' title='bbox 802 2872 928 2920; x_wconf 85' lang='lat' dir='ltr'>stantium</span> <span class='ocrx_word' id='word_1_330' title='bbox 948 2887 1047 2930; x_wconf 83' lang='lat' dir='ltr'>rerum,</span> <span class='ocrx_word' id='word_1_331' title='bbox 1070 2871 1101 2919; x_wconf 89' lang='lat' dir='ltr'>id</span> <span class='ocrx_word' id='word_1_332' title='bbox 1117 2877 1154 2918; x_wconf 90' lang='lat' dir='ltr'>est</span> <span class='ocrx_word' id='word_1_333' title='bbox 1177 2870 1257 2918; x_wconf 87' lang='lat' dir='ltr'>caele-</span> 
     </span>
     <span class='ocr_line' id='line_1_64' title="bbox 801 2942 1258 3002; baseline -0.002 -12"><span class='ocrx_word' id='word_1_334' title='bbox 801 2943 879 2990; x_wconf 87' lang='lat' dir='ltr'>stium</span> <span class='ocrx_word' id='word_1_335' title='bbox 893 2950 918 2990; x_wconf 86' lang='lat' dir='ltr'>et</span> <span class='ocrx_word' id='word_1_336' title='bbox 929 2942 1087 3000; x_wconf 86' lang='lat' dir='ltr'>divinarum,</span> <span class='ocrx_word' id='word_1_337' title='bbox 1101 2943 1131 2989; x_wconf 86' lang='lat' dir='ltr'>id</span> <span class='ocrx_word' id='word_1_338' title='bbox 1141 2947 1179 2987; x_wconf 83' lang='lat' dir='ltr'>est</span> <span class='ocrx_word' id='word_1_339' title='bbox 1191 2957 1258 3002; x_wconf 86' lang='lat' dir='ltr'>quae</span> 
     </span>
     <span class='ocr_line' id='line_1_65' title="bbox 802 3012 1258 3077; baseline -0.007 -16"><span class='ocrx_word' id='word_1_340' title='bbox 802 3020 881 3077; x_wconf 82' lang='lat' dir='ltr'>super</span> <span class='ocrx_word' id='word_1_341' title='bbox 900 3029 946 3061; x_wconf 86' lang='lat' dir='ltr'>nos</span> <span class='ocrx_word' id='word_1_342' title='bbox 965 3019 1034 3069; x_wconf 84' lang='lat' dir='ltr'>sunt,</span> <span class='ocrx_word' id='word_1_343' title='bbox 1059 3012 1148 3060; x_wconf 84' lang='lat' dir='ltr'>inanis</span> <span class='ocrx_word' id='word_1_344' title='bbox 1170 3017 1195 3058; x_wconf 91' lang='lat' dir='ltr'>et</span> <span class='ocrx_word' id='word_1_345' title='bbox 1212 3027 1258 3058; x_wconf 91' lang='lat' dir='ltr'>su·</span> 
     </span>
     <span class='ocr_line' id='line_1_66' title="bbox 798 3083 1057 3148; baseline -0.008 -16"><span class='ocrx_word' id='word_1_346' title='bbox 798 3083 919 3148; x_wconf 83' lang='lat' dir='ltr'>perfluus</span> <span class='ocrx_word' id='word_1_347' title='bbox 938 3085 1015 3132; x_wconf 77' lang='lat' dir='ltr'>tiator</span> <span class='ocrx_word' id='word_1_348' title='bbox 1036 3102 1057 3131; x_wconf 81' lang='grc' dir='ltr'>ι.</span> 
     </span>
    </p>

    <p class='ocr_par' dir='ltr' id='par_1_19' title="bbox 800 3152 1262 3702">
     <span class='ocr_line' id='line_1_67' title="bbox 839 3152 1258 3218; baseline 0 -16"><span class='ocrx_word' id='word_1_349' title='bbox 839 3154 881 3204; x_wconf 85' lang='grc'>66.</span> <span class='ocrx_word' id='word_1_350' title='bbox 911 3155 1007 3202; x_wconf 79' lang='lat' dir='ltr'>Graius</span> <span class='ocrx_word' id='word_1_351' title='bbox 1031 3154 1121 3202; x_wconf 77' lang='lat' dir='ltr'>horna:</span> <span class='ocrx_word' id='word_1_352' title='bbox 1146 3152 1258 3218; x_wconf 81' lang='lat' dir='ltr'>qualche</span> 
     </span>
     <span class='ocr_line' id='line_1_68' title="bbox 802 3223 1259 3276; baseline -0.007 -1"><span class='ocrx_word' id='word_1_353' title='bbox 802 3225 890 3276; x_wconf 88' lang='lat' dir='ltr'>codice</span> <span class='ocrx_word' id='word_1_354' title='bbox 901 3242 915 3274; x_wconf 89' lang='lat' dir='ltr'>e</span> <span class='ocrx_word' id='word_1_355' title='bbox 929 3226 1021 3274; x_wconf 83' lang='lat' dir='ltr'>alcune</span> <span class='ocrx_word' id='word_1_356' title='bbox 1034 3225 1137 3274; x_wconf 87' lang='lat' dir='ltr'>antiche</span> <span class='ocrx_word' id='word_1_357' title='bbox 1147 3223 1259 3272; x_wconf 84' lang='lat' dir='ltr'>edizioni</span> 
     </span>
     <span class='ocr_line' id='line_1_69' title="bbox 800 3294 1259 3363; baseline -0.007 -18"><span class='ocrx_word' id='word_1_358' title='bbox 800 3313 910 3363; x_wconf 79' lang='lat' dir='ltr'>gnarus.</span> <span class='ocrx_word' id='word_1_359' title='bbox 922 3321 956 3332; x_wconf 89' lang='lat'>-</span> <span class='ocrx_word' id='word_1_360' title='bbox 968 3296 990 3344; x_wconf 95' lang='lat' dir='ltr'>ll</span> <span class='ocrx_word' id='word_1_361' title='bbox 1004 3311 1079 3361; x_wconf 84' lang='lat' dir='ltr'>passo</span> <span class='ocrx_word' id='word_1_362' title='bbox 1089 3296 1115 3344; x_wconf 92' lang='lat' dir='ltr'>di</span> <span class='ocrx_word' id='word_1_363' title='bbox 1125 3294 1259 3354; x_wconf 83' lang='lat' dir='ltr'>Lucrezio,</span> 
     </span>
     <span class='ocr_line' id='line_1_70' title="bbox 801 3366 1259 3418; baseline -0.004 -2"><span class='ocrx_word' id='word_1_364' title='bbox 801 3376 898 3418; x_wconf 88' lang='lat' dir='ltr'>mostra</span> <span class='ocrx_word' id='word_1_365' title='bbox 917 3368 964 3416; x_wconf 87' lang='lat' dir='ltr'>che</span> <span class='ocrx_word' id='word_1_366' title='bbox 983 3367 1026 3418; x_wconf 86' lang='lat' dir='ltr'>nel</span> <span class='ocrx_word' id='word_1_367' title='bbox 1042 3383 1114 3416; x_wconf 83' lang='lat' dir='ltr'>verso</span> <span class='ocrx_word' id='word_1_368' title='bbox 1135 3366 1259 3414; x_wconf 85' lang='lat' dir='ltr'>Enniano</span> 
     </span>
     <span class='ocr_line' id='line_1_71' title="bbox 802 3437 1261 3504; baseline -0.011 -15"><span class='ocrx_word' id='word_1_369' title='bbox 802 3437 902 3504; x_wconf 90' lang='lat' dir='ltr'>(presso</span> <span class='ocrx_word' id='word_1_370' title='bbox 930 3439 1015 3502; x_wconf 86' lang='lat' dir='ltr'>Festo,</span> <span class='ocrx_word' id='word_1_371' title='bbox 1047 3437 1108 3502; x_wconf 89' lang='lat'>169)</span> <span class='ocrx_word' id='word_1_372' title='bbox 1138 3457 1150 3481; x_wconf 76' lang='grc' dir='ltr'><strong><em>ι</em></strong></span> <span class='ocrx_word' id='word_1_373' title='bbox 1172 3453 1261 3486; x_wconf 84' lang='lat' dir='ltr'>navus</span> 
     </span>
     <span class='ocr_line' id='line_1_72' title="bbox 802 3509 1260 3575; baseline -0.007 -16"><span class='ocrx_word' id='word_1_374' title='bbox 802 3518 922 3575; x_wconf 81' lang='lat' dir='ltr'>repertus</span> <span class='ocrx_word' id='word_1_375' title='bbox 952 3511 1031 3568; x_wconf 82' lang='lat' dir='ltr'>hama,</span> <span class='ocrx_word' id='word_1_376' title='bbox 1065 3509 1143 3557; x_wconf 87' lang='lat' dir='ltr'>Graia</span> <span class='ocrx_word' id='word_1_377' title='bbox 1169 3515 1260 3572; x_wconf 81' lang='lat' dir='ltr'>patre,</span> 
     </span>
     <span class='ocr_line' id='line_1_73' title="bbox 807 3575 1261 3644; baseline -0.004 -14"><span class='ocrx_word' id='word_1_378' title='bbox 807 3582 902 3632; x_wconf 85' lang='lat' dir='ltr'>Graius</span> <span class='ocrx_word' id='word_1_379' title='bbox 920 3582 993 3629; x_wconf 82' lang='lat' dir='ltr'>homo</span> <span class='ocrx_word' id='word_1_380' title='bbox 1007 3597 1055 3630; x_wconf 81' lang='lat' dir='ltr'>rex</span> <span class='ocrx_word' id='word_1_381' title='bbox 1068 3598 1092 3639; x_wconf 75' lang='grc' dir='ltr'>ι,</span> <span class='ocrx_word' id='word_1_382' title='bbox 1106 3595 1158 3629; x_wconf 90' lang='lat' dir='ltr'>non</span> <span class='ocrx_word' id='word_1_383' title='bbox 1171 3579 1192 3628; x_wconf 91' lang='lat' dir='ltr'>si</span> <span class='ocrx_word' id='word_1_384' title='bbox 1205 3575 1261 3644; x_wconf 77' lang='lat' dir='ltr'>pud</span> 
     </span>
     <span class='ocr_line' id='line_1_74' title="bbox 804 3651 1262 3702; baseline -0.004 0"><span class='ocrx_word' id='word_1_385' title='bbox 804 3659 874 3702; x_wconf 85' lang='lat' dir='ltr'>tanto</span> <span class='ocrx_word' id='word_1_386' title='bbox 903 3651 1050 3702; x_wconf 83' lang='lat' dir='ltr'>facilrnente</span> <span class='ocrx_word' id='word_1_387' title='bbox 1080 3659 1205 3702; x_wconf 81' lang='lat' dir='ltr'>accettare</span> <span class='ocrx_word' id='word_1_388' title='bbox 1234 3651 1262 3700; x_wconf 86' lang='lat' dir='ltr'>la</span> 
     </span>
    </p>
   </div>
   <div class='ocr_carea' id='block_1_7' title="bbox 0 0 1413 4294">
    <p class='ocr_par' dir='ltr' id='par_1_20' title="bbox 0 0 1413 4294">
     <span class='ocr_line' id='line_1_75' title="bbox 0 0 1413 4294; baseline 0 0"><span class='ocrx_word' id='word_1_389' title='bbox 0 0 1413 4294; x_wconf 95' lang='lat' dir='ltr'> </span> 
     </span>
    </p>
   </div>
  </div>
 </body>
</html>
