2778 4286
253 277 334 350 ¹158

266 433 374 474 verum
398 411 511 473 semina
534 411 718 474 multimodis
741 411 865 472 inmixta
887 413 979 472 latere

608 288 638 332 T.
663 287 797 331 LUCRETI
820 287 893 328 CARI

1167 419 1236 492 895

270 505 431 564 multarum
454 521 552 562 rerum
575 501 607 562 in
629 503 720 562 rebus
742 499 914 563 communia
936 503 1059 566 debent.

317 594 379 651 ‘At
401 610 490 669 saepe
513 591 544 651 in
567 589 682 669 magnis
703 593 737 651 fit
759 589 933 650 montibus’
957 589 1057 668 inquis
1083 594 1136 652 ‘ut
1163 591 1240 652 altis

265 679 428 741 arboribus
451 678 548 741 vicina
570 678 725 740 cacumina
747 698 863 740 summa
885 689 1018 740 terantur

270 768 348 830 inter
371 789 412 843 se,
439 768 545 828 validis
568 771 664 830 facere
687 769 719 828 id
742 767 917 846 cogentibus
939 768 1053 842 austris,

270 859 371 918 donec
394 857 523 918 flammai
547 857 692 918 fulserunt
714 858 786 918 flore
808 859 932 918 coort0.’

1167 877 1238 934 900

267 945 390 1018 scilicet,
416 957 446 1006 et
468 967 530 1007 non
553 957 598 1006 est
620 945 708 1023 lignis
730 955 831 1006 tamen
854 945 958 1006 insitus
980 945 1066 1024 ignis,

270 1054 375 1095 verum
399 1034 513 1095 semina
536 1045 605 1094 sunt
627 1033 740 1096 ardoris
763 1037 865 1108 multa,
890 1037 1016 1094 terendo

270 1142 349 1200 quae
372 1143 441 1184 cum
465 1125 642 1196 confluxere,
668 1133 771 1184 creant
793 1122 933 1184 incendia
955 1123 1052 1184 silvis:

269 1213 354 1288 quod
378 1212 403 1271 si
426 1214 502 1273 faeta
526 1214 602 1272 soret
625 1211 705 1272 silvis
727 1211 904 1274 abscondita
927 1213 1054 1286 flamma,

271 1320 335 1360 non
357 1312 480 1378 possent
503 1303 596 1361 ulium
620 1311 738 1379 tempus
761 1300 883 1362 celarier
906 1298 998 1378 ignes,

1169 1320 1236 1380 905

266 1391 454 1450 conficerent
477 1392 566 1468 volgo
589 1389 686 1462 silvas,
711 1391 832 1450 arbusta
854 1399 1030 1450 cremarent.

270 1475 370 1538 iamne
394 1479 478 1539 vides
500 1479 598 1556 igitur,
624 1480 714 1556 paulo
738 1479 822 1554 quod
845 1477 974 1538 diximus
996 1487 1075 1549 ante,

272 1566 428 1644 permagni
452 1570 560 1628 referre
584 1569 690 1628 eadem
713 1565 877 1644 primordia
900 1587 988 1645 saepe
1086 1557 1089 1564 ⁴

272 1674 342 1716 cum
365 1657 473 1733 quibus
498 1668 527 1716 et
550 1656 631 1734 quati
653 1655 786 1736 positura
808 1655 1018 1716 contineantur

204 1802 208 1815 ,
268 1755 303 1804 et
326 1763 400 1822 quos
423 1745 500 1806 inter
524 1765 555 1806 se
579 1746 652 1805 dent
675 1755 775 1804 motus
797 1743 1012 1823 accipiantque,

310 1991 400 2056 895-6.
430 1993 582 2041 Brevissima
606 1991 727 2040 enuncia-

268 2065 347 2113 aione
366 2063 433 2112 della
453 2063 531 2112 teoria
549 2061 617 2112 delia
632 2061 726 2110 forma-

273 2135 348 2182 zione
367 2133 434 2182 delle
446 2149 504 2182 cose
517 2133 647 2182 mediante
666 2132 727 2196 l’ag-

272 2203 426 2268 gregarione
439 2205 556 2253 atomica.
575 2203 608 2252 V.
627 2203 672 2251 lib.
692 2205 725 2262 ΙΙ,

274 2284 400 2337 700729.
428 2275 478 2324 Nel
505 2275 571 2323 libro
590 2277 602 2323 I
622 2274 727 2324 l'enun-

270 2346 387 2394 ciazione
404 2345 539 2394 sommaria
557 2346 584 2394 di
597 2345 632 2394 tal
647 2345 728 2395 teoria

274 2413 289 2464 ὲ
302 2416 516 2482 frequentissima.
528 2415 580 2466 Cir.
595 2416 726 2478 196·197;

275 2488 373 2552 633·4;
395 2487 492 2550 677·8;
513 2487 643 2549 684-686;
664 2486 727 2536 800·

275 2558 343 2618 8013
364 2557 495 2622 817·819;
516 2571 642 2622 909-912.

311 2629 437 2692 897·914.
460 2632 504 2680 Ma
529 2646 616 2695 spesso
635 2629 673 2692 gii
692 2628 727 2678 al·

274 2701 329 2750 beri
357 2701 519 2750 nell'urtarsi
547 2700 584 2764 gli
608 2700 654 2750 uni
679 2715 728 2748 con

272 2771 313 2836 gli
331 2770 389 2820 altri
407 2772 540 2837 prendono
562 2771 646 2822 fuoco,
672 2773 726 2834 Ap·

275 2847 374 2907 punto:
400 2859 442 2890 ma
461 2839 500 2892 eid
520 2857 572 2890 non
594 2841 655 2890 vuol
674 2841 729 2890 dire

275 2913 323 2962 che
336 2911 361 2961 le
372 2913 503 2976 particelle
522 2913 548 2961 di
567 2912 643 2962 fuoco
656 2913 729 2962 sieno

274 2979 318 3047 gi'a
339 2983 409 3046 negli
428 2984 516 3044 alberi,
535 2983 606 3034 bensi
627 2983 674 3032 che
693 2983 730 3032 le·

274 3067 328 3118 gno
348 3070 362 3103 e
381 3053 457 3103 fuoco
475 3055 560 3104 hanno
584 3055 658 3104 molti
678 3053 729 3104 ele·

276 3125 357 3174 menti
373 3125 483 3184 comuni,
497 3141 570 3175 come
588 3126 667 3176 molte
681 3125 728 3175 let-

276 3203 330 3246 tere
353 3196 456 3244 comuni
481 3197 566 3245 hanno
592 3197 616 3246 le
641 3194 729 3262 parole

271 3266 361 3316 cheli
382 3267 530 3331 designans.

313 3351 372 3398 900.
389 3338 528 3402 flammai:
553 3337 605 3388 cosi
631 3339 650 3388 il
675 3339 729 3386 Ma-

277 3409 344 3458 rullo
362 3425 408 3474 per
419 3411 543 3473 flnrnmae
559 3410 601 3459 dei
614 3409 687 3460 codd.
707 3408 729 3458 Il

278 3481 372 3528 Munro
391 3487 532 3530 rammenta
546 3476 630 3543 πυρὸς
648 3475 730 3534 ἄνθος

274 3550 305 3599 di
323 3553 419 3602 Omero
438 3569 452 3602 e
470 3551 498 3600 di
519 3551 630 3612 Eschilo,
650 3552 697 3602 che
716 3547 730 3598 ὲ

276 3617 340 3687 perd
359 3620 411 3686 gia,
424 3623 500 3672 citato
526 3623 586 3672 nell'
596 3623 681 3672 Index
700 3638 729 3670 u-

1160 1749 1236 1822 '910

781 1991 836 2040 nito
864 1990 905 2038 all'
918 1990 1033 2040 edizione
1064 1989 1107 2040 del
1139 1990 1238 2040 Wake-

782 2061 850 2112 field.

817 2146 878 2192 902.
902 2133 1023 2181 terendo:
1050 2147 1096 2182 uso
1122 2133 1238 2181 assoluto

781 2204 824 2252 del
842 2204 977 2268 gerundio‚
991 2203 1079 2252 invene
1098 2202 1125 2250 di
1144 2219 1179 2253 un
1192 2219 1238 2254 so·

782 2275 908 2332 stantivo;
929 2295 941 2318 ι
963 2289 1012 2324 con
1031 2275 1057 2322 lo
1075 2273 1191 2323 strofinio
1214 2293 1237 2324 ι,

781 2345 813 2393 V.
834 2359 885 2410 312
905 2345 1026 2395 habendo.

818 2429 879 2481 904.
901 2416 1000 2478 facta:
1029 2412 1085 2466 cine
1113 2431 1166 2464 non
1193 2417 1240 2466 nei

782 2487 838 2535 suoi
857 2487 954 2535 semina
973 2487 1037 2550 (non
1061 2487 1089 2535 in
1108 2487 1240 2551 potenza),

782 2573 824 2605 ma
850 2555 893 2621 gia
913 2557 940 2605 in
965 2564 1026 2618 atto,
1051 2554 1094 2622 gia
1119 2557 1240 2618 formata,

781 2627 823 2692 gia
842 2629 994 2693 sviluppata.
1008 2655 1040 2670 ,-
1061 2629 1134 2677 silvis
1153 2649 1189 2670 =
1204 2630 1241 2678 li-

780 2700 848 2764 gnis,
880 2701 1022 2757 arboribus,
1054 2699 1105 2748 abl.
1137 2707 1239 2760 strum„

783 2769 933 2834 dipendenti
952 2771 984 2818 da
1002 2771 1159 2818 abscondita.

820 2841 879 2902 906.
895 2841 985 2905 volgo:
1003 2861 1014 2884 α
1030 2848 1241 2903 comunemente,

783 2911 810 2960 di
828 2912 915 2976 regola
937 2929 959 2970 ι,
978 2911 1023 2960 cfr.
1042 2928 1066 2959 v.
1087 2910 1147 2974 238.

819 2995 879 3044 907.
905 2983 1022 3046 paullo...
1044 2989 1123 3032 ante:
1151 2982 1242 3034 allude

784 3055 808 3102 ai
828 3053 892 3104 versi
912 3052 1046 3117 817·819;
1067 3053 1127 3103 tutti
1144 3053 1153 3100 i
1173 3055 1244 3104 versi

784 3122 846 3190 perd
865 3126 897 3172 da
916 3136 967 3186 907
988 3141 1003 3172 a
1022 3123 1243 3189 914esprimouo

784 3196 902 3260 pensiero
926 3195 1006 3245 molte
1028 3195 1092 3244 altre
1117 3195 1188 3245 volte
1207 3197 1243 3246 ri·

784 3273 891 3332 petut0;
911 3265 956 3314 cir.
977 3267 1035 3314 tutti
1054 3267 1063 3314 i
1082 3265 1151 3330 passi
1167 3266 1243 3316 citati

784 3337 854 3388 nella
872 3344 933 3386 nota
952 3354 967 3384 a
985 3336 1076 3401 895-6.

820 3421 881 3473 909.
906 3409 1089 3458 contineantur
1115 3424 1162 3472 per
1181 3423 1244 3458 con-

785 3479 923 3544 tingantur
946 3479 989 3528 dei
1013 3479 1087 3529 codd.
1108 3473 1122 3526 ὲ
1145 3478 1245 3530 assicu-

785 3557 839 3600 rato
858 3566 872 3599 e
892 3549 935 3598 dal
953 3557 1035 3600 metro
1054 3565 1068 3600 e
1086 3549 1130 3598 dal
1143 3550 1246 3600 riscon-

786 3628 824 3670 tro
843 3635 891 3670 con
911 3618 970 3670 818.
