2804 4294
439 311 481 353 nu
504 287 614 356 uuuuu
636 313 777 361 erutum.

127 437 285 516 ignoratur
310 435 389 497 enim
412 455 490 514 quae
508 436 546 496 sit
568 448 674 500 natura
695 438 813 516 animai,

127 537 203 586 nata
225 526 271 596 sit,
296 546 336 586 au
359 536 463 588 contra
485 527 677 588 nascentibus
698 529 872 603 insinuetur,

128 627 162 675 et
186 614 273 675 simul
296 615 423 676 intereat
446 614 602 676 nobiscum
626 630 721 678 morte
746 619 901 697 dirempta,

127 724 171 765 an
194 707 333 764 tenebras
357 705 427 766 Orci
453 703 525 764 visat
548 715 704 783 vastasque
727 709 857 782 lacunas,

1028 726 1086 786 115

127 813 170 853 an
193 794 325 872 pecudes
346 793 418 854 alias
442 793 582 854 divinitus
605 794 735 856 insinuet
752 817 793 871 se,

127 882 247 942 Ennius
271 893 304 942 ut
327 893 428 942 noster
452 883 568 954 cecinit,
592 884 644 961 qui
667 884 779 962 primus
802 905 929 948 amoeno

127 971 239 1031 detulit
262 991 299 1031 ex
322 971 471 1032 Helicone
494 973 619 1050 perenni
643 969 749 1035 fronde
773 994 924 1051 coronam,

126 1079 185 1138 per
206 1059 303 1139 gentis
326 1062 414 1120 Italas
438 1061 593 1122 hominum
619 1081 695 1139 quae
719 1067 798 1124 clara
820 1067 945 1140 clueret;

126 1147 186 1209 etsi
209 1160 362 1228 praeterea
384 1159 483 1210 tamen
508 1170 571 1212 esse
594 1152 761 1213 Acherusia
784 1156 897 1232 templa

124 1378 286 1429 costruzione
309 1378 415 1444 poetica,
435 1396 450 1427 a
468 1380 518 1429 mo'
538 1380 580 1430 dei

125 1451 212 1508 Greci,
222 1450 265 1500 del
274 1449 399 1514 gerundio
409 1450 580 1516 impersonale

124 1537 178 1572 con
202 1522 334 1586 l'oggetto.
362 1523 422 1571 Non
447 1517 534 1572 erare
552 1522 579 1570 in

124 1593 264 1651 Lucrezio;
283 1592 328 1642 cfr.
347 1592 367 1655 Ι,
391 1591 440 1656 138
463 1613 475 1637 ι
496 1594 579 1642 multa

123 1665 255 1730 agendum
277 1681 303 1726 »ς
324 1664 345 1723 Ι,
365 1661 413 1726 381
438 1684 449 1708 e
468 1664 579 1728 privan-

123 1737 188 1784 dum
208 1743 317 1800 corporo
332 1749 360 1794 ις
380 1736 412 1794 ΙΙ,
432 1748 485 1797 492
507 1736 578 1784 «od-

124 1807 238 1855 dendum
253 1807 341 1870 partis
363 1825 385 1859 ι,

166 1891 222 1940 113.
242 1878 405 1926 nascentibus
417 1878 577 1926 insinuetur:

123 1965 139 1999 e
161 1945 216 1997 cine
239 1949 286 1998 che
315 1948 423 1997 l'anima
448 1948 515 1998 entri
537 1948 579 1998 nel

122 2035 204 2084 corpo
223 2035 269 2084 per
287 2018 375 2069 afflato
394 2019 488 2069 divino.

164 2104 222 2152 114.
242 2091 384 2155 dirempto:
403 2107 471 2139 nom.
486 2091 525 2140 rit.
546 2091 578 2140 ad

121 2164 222 2215 anima.
242 2162 308 2212 Vale
339 2181 350 2204 ι
372 2161 511 2212 discioltssi
537 2163 579 2212 uei

121 2233 182 2282 suoi
211 2232 289 2282 atomi
311 2251 341 2295 ις
371 2249 393 2280 v.
413 2232 540 2292 Giussani,
564 2249 579 2282 a

119 2322 148 2370 q.
169 2304 186 2355 l.

1028 1175 1087 1215 110

634 1382 677 1432 nel
695 1382 822 1448 principio
838 1382 907 1446 degli
921 1383 1022 1444 Annali,
1041 1399 1086 1450 per

634 1454 760 1518 ispiegare
779 1469 852 1504 come
870 1454 937 1504 losse
950 1455 977 1504 in
990 1455 1027 1504 lui
1040 1471 1084 1505 eu·

633 1531 700 1574 trata
727 1525 795 1589 dopo
822 1525 902 1590 lunga
930 1526 1085 1590 migrazione

632 1596 736 1645 l'anima
755 1596 782 1645 di
795 1596 890 1647 Omero
903 1596 1005 1662 parlava
1017 1597 1085 1646 della

634 1667 829 1734 metempsicosi.
855 1668 924 1716 Mai
943 1669 1008 1718 versi
1038 1669 1085 1718 che

632 1738 750 1802 sogliono
769 1739 812 1804 qui
832 1739 934 1788 addursi
948 1739 980 1788 da
998 1739 1084 1788 Ennio

632 1808 794 1873 (falsamente
813 1810 937 1859 attribuiti
960 1810 1011 1874 agli
1030 1812 1083 1860 An·

633 1881 692 1940 nali,
701 1897 723 1929 v.
736 1879 1022 1946 122-124Mttller)di
1032 1897 1086 1932 me·

633 1953 778 2018 tempsicosi
789 1968 840 2002 non
850 1952 967 2018 pariano:
979 1953 1084 2019 parlano

632 2023 699 2073 della
718 2024 886 2088 generazione
898 2023 968 2088 degli
981 2023 1083 2088 augelli,

632 2093 724 2159 (genus
732 2095 825 2159 pinnis
844 2095 1050 2154 condecoratam)
1070 2111 1084 2144 e

632 2181 679 2214 son
698 2166 844 2216 traduzione
863 2166 889 2215 di
908 2165 993 2216 alcuni
1018 2167 1083 2217 versi

632 2235 658 2285 di
677 2237 813 2302 Epicarmo
832 2237 878 2288 che
896 2237 1083 2302 rimangono,e
1141 2269 1145 2279 .

632 2323 678 2356 son
697 2309 788 2374 quiudi
807 2309 839 2358 da
851 2308 982 2358 attribuite
1001 2308 1082 2358 all¹E·

165 2375 221 2425 116.
245 2393 280 2424 an
297 2375 405 2438 pecudes
424 2375 498 2433 alios,
526 2391 576 2426 ecc.
626 2379 778 2442 picharmus
791 2379 817 2427 di
830 2379 915 2428 Ennio
929 2381 962 2442 (v.
978 2379 1082 2442 Quaest.

119 2447 216 2511 Veggo
239 2446 306 2510 negl'
316 2445 454 2512 interpreti,
480 2447 506 2496 di
526 2447 576 2496 Lu·

122 2517 207 2566 crezio
227 2534 241 2567 e
260 2517 286 2566 di
304 2517 397 2576 Ennio,
424 2534 491 2568 esser
516 2518 577 2568 satta

119 2607 137 2638 a
158 2589 242 2654 questi
261 2587 326 2638 versi
352 2589 460 2653 qualche
488 2590 576 2638 confu-

120 2660 203 2709 sione.
229 2661 342 2708 Pccudes
364 2675 416 2708 non
435 2657 448 2708 ὲ
468 2660 513 2726 qui
531 2677 577 2726 per

121 2732 238 2780 leontines
257 2729 420 2794 (Wakefield,
434 2731 575 2796 Forbiger),

120 2797 157 2850 ne
175 2803 221 2867 qui
240 2803 291 2850 han
307 2803 339 2850 da
353 2801 391 2850 sar
404 2802 475 2852 nullo
488 2803 496 2850 i
511 2805 576 2854 versi

120 2873 150 2921 di
169 2873 255 2922 Ennio
274 2873 321 2922 che
339 2873 439 2936 soglion
461 2875 518 2923 tutti
541 2875 575 2922 ci-

121 2943 574 3008 tare(Forbiger,Laohmanu,Gius·

121 3016 185 3074 sani,
207 3031 267 3074 ecc,
286 3015 350 3064 oltre
376 3015 412 3079 gli
440 3017 531 3066 editori
550 3017 576 3066 di

121 3085 228 3150 Ennio).
249 3086 371 3136 Lucrezio
396 3085 525 3152 distingue
538 3096 575 3138 tre

121 3158 228 3223 ipotesi:
249 3173 265 3206 o
284 3157 388 3206 l’anima
413 3175 501 3208 muore
526 3175 575 3214 con

121 3231 174 3290 noi¹
193 3245 209 3277 o
229 3245 260 3278 va
279 3229 386 3279 errando
407 3245 452 3294 per
467 3230 492 3279 le
504 3237 574 3280 tene·

122 3301 167 3350 bre
177 3301 236 3350 dell¹
246 3301 321 3360 Orco,
332 3316 347 3348 o
361 3307 431 3350 entra
441 3302 484 3352 nel
496 3316 574 3368 corpo

123 3371 151 3419 di
163 3373 220 3420 altri
234 3371 340 3420 animali
353 3369 476 3436 (pecudes
488 3371 574 3437 alios).

123 3443 210 3505 Quest'
218 3443 309 3492 ultima
328 3443 419 3508 ipotesi
438 3443 465 3492 fu
479 3444 575 3494 accolta

123 3514 161 3570 da¹
172 3514 265 3574 Ennio,
285 3531 299 3563 e
319 3529 370 3563 non
390 3509 514 3564 edubbio
527 3516 573 3564 che

123 3583 246 3635 Lucrezio
274 3585 350 3634 abbia
375 3586 452 3635 citato
479 3586 504 3636 le
528 3603 574 3651 pa-

125 3653 177 3704 role
202 3667 281 3708 stesso
305 3658 331 3705 di
360 3657 452 3708 Ennio.
483 3659 573 3724 Questi

632 2450 732 2498 ennian.
754 2451 781 2498 in
804 2450 892 2499 Studia·
914 2451 983 2514 sugle'
1000 2452 1082 2501 scritt.

632 2520 691 2570 Lot.
710 2538 735 2585 p.
756 2534 797 2580 22,
820 2537 833 2569 e
856 2521 1083 2570 Commentationes

630 2591 796 2656 vergr'lianoe,
815 2608 840 2656 p.
863 2589 932 2654 149).

669 2675 726 2723 119.
747 2679 812 2726 quae
831 2663 903 2711 clara
918 2662 1025 2711 clueret:
1038 2679 1082 2712 en·

631 2734 707 2782 niano
726 2731 804 2798 (Ann.
826 2747 840 2797 3
860 2730 982 2797 Mutl.):
1004 2754 1015 2777 ι
1038 2751 1082 2782 no·

630 2814 687 2854 stro
700 2806 854 2854 latinosPcr
864 2804 973 2868 populos
987 2810 1081 2854 terras·

631 2893 679 2940 que
692 2883 815 2941 poemata
833 2877 905 2924 clara
924 2875 1082 2926 eluebant».

669 2959 725 2996 120.
737 2948 783 2996 etsi
791 2963 843 2996 ecc.
853 2947 925 2996 Oltre
937 2945 994 3011 (cfr.
1001 2954 1080 3011 prae-

630 3017 710 3082 tereo)
729 3017 754 3066 al
772 3019 874 3068 credere
892 3017 943 3067 alla
956 3025 1079 3084 metemp-

630 3089 712 3147 sicosi‚
732 3089 816 3138 Ennio
835 3090 908 3140 crede
937 3105 1000 3154 pure
1028 3091 1079 3154 agli

632 3161 772 3210 Acherusia
804 3163 905 3226 templa,
937 3160 979 3209 nei
1010 3161 1081 3226 quali

630 3247 682 3280 uon
713 3231 861 3295 rimangano
892 3229 935 3296 git
966 3229 1080 3296 (perma-

630 3310 710 3351 neant
732 3319 754 3351 v.
782 3303 843 3366 122)
870 3303 894 3353 le
919 3304 1004 3352 anime
1028 3317 1044 3350 0
1073 3303 1081 3351 i

629 3373 706 3438 corpi,
734 3389 775 3422 nra
802 3375 956 3440 rimongano
985 3371 1081 3438 pallide

630 3445 717 3494 ombre
736 3459 752 3492 o
771 3445 900 3495 simulacri
918 3445 944 3494 di
963 3459 1080 3510 persone,

629 3523 727 3565 mentre
745 3516 769 3565 le
788 3516 873 3566 anime
892 3516 959 3566 delle
972 3531 1080 3581 persone

628 3594 707 3636 stesse
725 3588 900 3652 trosmigrono
919 3587 944 3635 di
962 3602 1039 3652 corpo
1052 3587 1079 3636 in

628 3673 713 3724 corpo.
742 3659 802 3708 Non
826 3657 1024 3722 c'indugeremo
1052 3659 1079 3708 di

939 3795 957 3846 4
