2778 4286
432 305 473 348 Du
497 305 603 346 RERUM
628 304 767 348 NATURA·

117 429 245 504 mittere,
269 429 417 509 lanigerae
441 430 524 508 quali
546 440 616 491 sunt
638 433 731 491 ubere
753 430 846 504 lactis,

109 519 239 595 scilicet,
265 529 294 580 et
316 519 412 598 glebis
433 529 578 580 terrarum
601 538 690 598 saepe
714 519 806 580 friatis

117 611 278 670 herbarum
300 628 409 687 genera
433 619 462 668 et
484 611 583 686 fruges
605 610 786 687 frondesque
810 607 903 669 videri

116 696 272 776 dispertita
294 698 372 758 inter
394 708 502 758 terrani
525 696 639 758 latitare
662 697 786 771 minute,

1012 699 1078 776 890

115 797 269 865 postremo
292 785 324 846 in
346 785 434 864 lignis
457 786 587 848 cinerem
605 789 781 864 fumumque
803 784 906 859 videri,

116 893 187 936 cnm
210 878 373 953 praefracta
394 877 502 950 forent,
526 873 661 953 ignisque
684 877 777 936 latere
800 874 940 935 minutos.
1009 913 1013 925 ·

115 983 245 1041 quorum
269 964 311 1024 nil
334 963 398 1024 fieri
420 962 563 1040 quoniam
586 963 743 1024 manifesta
765 965 855 1025 docet
883 983 939 1036 res,

114 1051 191 1114 scire
213 1053 283 1114 licet
305 1072 368 1113 non
390 1072 455 1112 esse
477 1052 508 1112 in
531 1054 621 1114 rebus
644 1072 692 1112 res
714 1052 761 1113 ita'
777 1051 893 1126 mixtas,

114 1300 162 1349 sed
176 1299 201 1348 si
217 1299 257 1348 lac
275 1301 303 1348 in
322 1315 391 1363 aqua
410 1307 453 1358 cst,
473 1317 568 1364 aquam

114 1386 142 1419 eo
169 1370 284 1419 colorari
312 1387 364 1420 non
397 1371 451 1420 eius
478 1378 569 1436 guttas

114 1441 214 1490 mittere
241 1457 339 1490 neccsse
366 1449 404 1490 est
430 1459 452 1495 ι.
481 1442 525 1491 Ma
550 1442 568 1491 il

114 1511 235 1562 Giussani
253 1511 323 1562 nella
340 1511 456 1564 edizione
479 1514 513 1562 ha
531 1513 567 1562 la·

112 1583 171 1632 ticis
196 1598 210 1632 e
234 1583 254 1632 il
279 1582 421 1647 significato
449 1599 502 1633 non
527 1600 568 1634 sa·

113 1653 192 1704 rebbe
206 1654 294 1720 quello
310 1655 506 1720 qui.coniutato
525 1655 568 1705 dal

113 1724 226 1788 Brieger‚
242 1723 315 1776 bensi
335 1733 443 1792 questo:
463 1726 487 1775 le
507 1727 567 1776 erbe

113 1795 273 1846 dovrebbero
292 1797 413 1846 mandare
426 1797 493 1846 fuori
507 1813 566 1862 goc-

111 1882 141 1917 ce
161 1867 187 1915 di
206 1867 279 1917 dolce
293 1867 392 1932 liquido
411 1868 464 1918 edi
476 1884 567 1934 sapore

111 1937 196 1988 simile
221 1955 236 1986 a
265 1938 352 2003 quello
380 1938 422 1988 del
445 1939 515 1989 latte.
544 1923 567 1989 l:

112 2009 310 2073 inespugnabile
322 2006 384 2076 perd
403 2011 429 2059 la
441 2007 566 2060 difficolti

112 2079 304 2144 grammaticale
323 2081 349 2129 di
368 2080 446 2145 quell¹
457 2088 489 2130 et.

147 2149 207 2212 887.
227 2153 317 2200 ubere:
339 2150 359 2200 il
377 2151 505 2201 Lambino
525 2168 564 2202 se·

109 2221 184 2285 guito
214 2222 247 2270 da
278 2221 424 2271 moltissimi
451 2238 564 2272 corresse

108 2294 197 2341 ubero.
222 2293 266 2341 Ma
291 2292 310 2341 il
334 2294 439 2357 Brieger
462 2309 563 2342 osserva

26 2351 34 2372 ⁸
106 2363 157 2412 che
181 2362 207 2413 le
231 2365 378 2414 mammelle
401 2379 453 2414 non
477 2365 563 2412 hanno

106 2448 209 2498 sapore,
224 2450 316 2483 senon
335 2435 438 2501 quando
457 2435 478 2484 si
491 2451 562 2483 man·

105 2505 203 2569 gianol
228 2505 289 2569 Egli
317 2503 379 2571 perd
405 2506 560 2570 interprete:

105 2576 184 2639 quali
200 2583 291 2639 sapore
306 2584 396 2642 guttae
413 2577 488 2626 lactis
500 2584 565 2626 sunt

105 2648 136 2695 in
156 2646 287 2712 lanigerae
305 2649 388 2696 ubere.
409 2646 432 2696 O
450 2662 523 2698 come
536 2647 562 2698 le

105 2723 187 2781 goece
214 2717 241 2766 di
269 2718 331 2769 latte
361 2733 474 2784 possono
503 2735 562 2768 aver

105 2803 199 2854 sapore
227 2789 296 2838 nella
323 2789 491 2840 mammellal
518 2791 562 2840 In·

104 2865 232 2924 terpreto:
244 2868 332 2924 guttae
345 2877 376 2909 ex
388 2861 464 2909 ubere
477 2861 560 2919 lactis,

105 2929 283 2980 richiamando
296 2931 321 2980 di
335 2931 458 2982 Lucrezio
472 2938 559 2990 stesso,

103 3001 140 3064 11,
160 3011 214 3064 370
227 3003 305 3050 ubera
324 3002 405 3060 lactis,
421 3018 434 3052 e
453 3001 489 3064 gli
502 3001 560 3052 altri

105 3072 216 3137 esempii
240 3073 266 3121 di
285 3073 393 3122 Tibullo
412 3089 426 3122 e
444 3072 559 3122 Varrone

103 3143 176 3194 citati
196 3142 238 3191 dal
256 3145 351 3192 Munro
369 3160 384 3192 a
403 3159 427 3208 q.
447 3142 464 3192 l.

143 3213 270 3275 uas-890.
295 3213 391 3263 Stando
410 3215 461 3263 alla
480 3216 560 3264 teoria

103 3285 131 3334 di
150 3286 313 3349 Anassagora
335 3292 425 3349 questa
453 3285 558 3350 ragione

103 3371 157 3405 non
177 3356 309 3406 varrebbe.
331 3356 396 3406 Dice
416 3357 556 3409 Lucterio:

102 3443 132 3476 se
154 3427 223 3486 erbe,
246 3427 321 3477 biade
341 3444 354 3477 e
379 3427 468 3477 fronde
492 3427 557 3478 deri·

102 3513 170 3547 vano
189 3497 258 3546 dalla
271 3507 343 3562 terra,
358 3499 438 3548 divisa
453 3499 480 3548 la
493 3505 558 3548 terra

100 3569 263 3620 dovrebbero
292 3570 397 3618 trovarsi
424 3569 557 3635 particelle

100 3639 276 3691 minutissime
300 3640 326 3689 di
351 3642 418 3706 erbe,
440 3641 517 3690 biade
542 3657 557 3691 e

623 1297 721 1350 fronde.
747 1267 890 1358 Senonchi,
919 1314 947 1349 se
970 1297 979 1347 i
1004 1299 1075 1362 corpi

623 1371 649 1420 di
667 1373 828 1436 Anassagora
840 1385 904 1419 sono
916 1368 1011 1418 infiniti
1029 1385 1077 1434 per

622 1458 729 1492 numero
742 1458 756 1492 e
769 1457 815 1506 per
827 1439 968 1506 piccolezza
983 1439 1073 1504 (Arist.

622 1513 739 1577 Metaph.
758 1513 803 1569 ΙΧ,
823 1511 847 1570 6,
868 1511 884 1559 6
902 1507 986 1560 πάντα
1007 1506 1075 1574 χρή·

621 1600 689 1647 ματα
717 1579 750 1648 ἧν
780 1579 874 1646 ἄπειρα
901 1578 948 1631 καὶ
977 1577 1075 1646 πλήθει

621 1651 668 1704 καὶ
685 1651 835 1719 μικρότητι)
851 1649 864 1702 ὲ
884 1653 959 1702 facile
973 1653 1075 1718 rispon·

621 1725 681 1776 dere
694 1725 741 1776 che
760 1727 787 1775 in
805 1725 925 1776 ciascuna
941 1723 1075 1788 perticella

621 1796 647 1845 di
667 1805 731 1846 terra
747 1812 810 1846 sono
825 1794 898 1846 bensi
918 1795 985 1854 erbe,
997 1794 1074 1843 biade

621 1884 635 1918 e
660 1867 758 1926 fronde,
784 1884 826 1917 ma
854 1883 907 1915 non
935 1866 1071 1931 appaiono‚

620 1935 725 2003 giacche
748 1940 774 1990 di
800 1939 903 1988 ciascun
926 1952 1004 2001 corpo
1027 1952 1072 2001 ap-

620 2027 681 2076 pare
705 2010 761 2060 solo
786 2009 872 2076 quella
897 2008 1003 2058 materia
1025 2007 1072 2058 che

620 2077 680 2130 ein
699 2079 815 2147 quantiti
834 2079 1038 2147 preponderante
1057 2093 1073 2128 e

618 2153 665 2202 che
683 2153 716 2203 di
736 2168 809 2202 come
827 2153 846 2201 il
872 2157 994 2201 carattere
1014 2166 1028 2200 e
1047 2149 1072 2198 la

617 2222 752 2272 fisonomia
772 2224 874 2290 propria
893 2221 944 2272 alla
959 2221 1072 2272 miscela.

617 2293 656 2342 La
692 2301 771 2343 stessa
808 2294 984 2344 osservazione
1014 2292 1072 2342 vale

617 2379 680 2429 pure
699 2379 744 2428 per
762 2365 779 2412 l'
790 2365 904 2430 esempio
928 2370 1058 2428 seguente.

653 2433 714 2496 890.
740 2435 809 2485 inter
833 2443 949 2484 terram:
975 2432 1027 2482 cosi
1052 2433 1072 2482 il

616 2505 784 2564 Lachmann;
803 2505 954 2568 l'Oblongus
971 2505 1000 2552 in
1019 2510 1071 2553 ter-

616 2593 692 2625 ram:
712 2577 731 2626 il
746 2577 898 2637 Quadratus
910 2591 924 2624 e
939 2573 964 2623 le
977 2574 1071 2623 schede

617 2647 785 2712 Gottorpiane
813 2653 945 2696 omettono
977 2651 1072 2710 questo

615 2734 688 2768 verso
700 2735 714 2768 e
727 2718 746 2768 il
760 2725 892 2785 seguente.
911 2716 955 2768 Gli
974 2715 1071 2765 antichi

617 2789 708 2839 editori
743 2804 883 2856 proposero
919 2793 1072 2852 congetture

616 2875 668 2908 non
687 2861 764 2912 felici.

652 2931 711 2995 893.
732 2948 792 2982 rer:
810 2931 934 2996 agglunto
954 2927 997 2995 gii
1015 2927 1070 2978 dal·

615 3003 631 3052 l’
640 3003 726 3052 antico
756 3010 896 3054 correttore
927 3003 970 3052 del
1000 3001 1070 3062 Qua·

614 3074 715 3125 drutus.
746 3074 768 3124 Il
795 3073 896 3123 criterio
924 3073 1069 3136 dell'espe-

614 3144 697 3194 rienza
716 3145 761 3210 qui
779 3145 908 3210 applicato
926 3145 959 3193 da
972 3143 1068 3194 Lucre'·

613 3215 653 3263 zio
672 3214 823 3280 (manifesta
845 3217 916 3266 docet
939 3213 993 3279 res)
1015 3227 1070 3262 non

613 3285 686 3346 vale3
712 3284 816 3350 giacche
839 3303 885 3353 per
903 3289 1069 3348 Anassagors

612 3357 637 3406 le
656 3357 789 3422 particelle
808 3357 942 3407 commiste
961 3356 1011 3406 alle
1030 3355 1068 3403 al-

613 3435 651 3478 tre
677 3443 735 3478 cose
759 3430 903 3486 sarebbero,
925 3443 998 3477 come
1022 3426 1067 3474 ab·

611 3499 699 3548 biamo
725 3499 804 3563 detto,
824 3501 848 3549 d'
860 3499 960 3548 infinita
981 3497 1070 3563 picco-

611 3569 686 3630 lena,
706 3586 759 3620 non
777 3571 873 3621 visibili
891 3569 990 3636 quindi.
