2756 4294
300 298 359 338 122

635 291 665 336 Τ.
690 290 823 334 Lucss'rr
847 290 920 334 cam

295 416 415 478 alterius
437 415 606 494 quoniamst
627 414 725 492 ipsum
748 434 816 492 pars
838 413 1002 492 primaque,
1028 424 1059 473 et
1083 431 1143 472 una

295 507 367 566 inde
389 505 464 565 aliae
486 515 575 581 atque
596 504 671 564 aliae
694 503 806 563 similes
829 522 866 562 ex
888 503 995 562 ordine
1019 513 1116 580 partes
1188 505 1253 578 605

296 593 414 673 agmine
437 595 591 655 condenso
613 590 906 668 naturamsscorporis
933 593 1073 668 expleut;

297 703 372 759 quae
396 680 536 760 quoniam
560 701 613 758 per
637 699 668 740 se
691 691 846 756 nequeunt
868 691 1015 750 constare,
1041 689 1192 740 necessest

296 774 419 832 haerere
438 772 518 830 unde
540 780 652 845 queant
674 771 756 828 nulla
778 768 893 828 ratione
916 769 1030 829 revelli.

297 871 366 920 sunt
388 859 476 936 igitur
499 858 593 918 solida
615 857 778 936 primordia
800 857 996 936 simplicitate,

297 969 374 1028 quae
397 947 526 1007 minimis
549 947 656 1024 stipata
678 950 838 1007 cohaerent
860 946 994 1024 partibus
1016 956 1086 1019 arte,

1189 949 1259 1004 610

296 1057 359 1097 non
383 1055 418 1097 ex
441 1036 558 1096 illarum
581 1045 732 1096 conventu
755 1035 920 1106 conciliata,

296 1128 349 1186 sed
373 1124 466 1202 magis
487 1135 608 1184 aeterna
629 1123 773 1202 pollentia
796 1123 1003 1201 simplicitate;

296 1215 377 1274 unde
400 1233 499 1291 neque
521 1212 609 1272 avelli
632 1212 793 1289 quiequam
817 1232 916 1288 neque
940 1209 1074 1271 deminui
1095 1209 1155 1270 iam

296 1301 436 1363 concedit
460 1313 564 1361 natura
586 1319 739 1360 reservans
762 1300 876 1360 semina
899 1303 999 1360 rebus.

297 1401 449 1469 praeterea
473 1389 529 1450 nisi
552 1389 608 1449 erit
630 1389 796 1464 minimum,
823 1389 994 1468 parvissima
1017 1406 1154 1465 quaeque
1192 1391 1256 1464 615

297 1638 380 1688 critici
399 1640 494 1688 offusca
512 1637 537 1688 la
555 1637 705 1703 limpidezza
723 1638 749 1686 di

298 1719 389 1776 questo
410 1717 535 1760 concetto.

334 1781 395 1842 604.
415 1782 438 1828 Il
457 1797 576 1829 cacumen
596 1781 655 1832 dell'
665 1787 750 1828 atomo

298 1867 351 1901 non
388 1849 439 1917 pua
476 1851 642 1902 considerarsi
677 1866 751 1900 come

297 1929 416 1984 staccato,
441 1917 546 1985 giacche
571 1923 595 1970 la
623 1938 669 1972 sua
696 1921 751 1970 sola

298 1991 405 2058 (ipsum)
416 2001 506 2041 natura
519 1988 532 2038 ὲ
542 1992 569 2040 di
580 2009 662 2042 essere
671 1999 750 2056 parte,

298 2064 324 2112 ia
336 2064 419 2128 prima
432 2063 499 2112 delle
516 2063 582 2127 parti
594 2063 750 2121 dell'atomo,

298 2149 340 2182 ma
359 2129 431 2199 parte
450 2134 496 2182 che
513 2148 565 2181 non
580 2134 668 2182 risulta
679 2149 693 2180 a
705 2148 751 2180 sua

297 2204 367 2253 volta
386 2205 412 2253 di
431 2203 495 2254 altre
514 2205 579 2270 parti
599 2205 751 2269 (primaque

247 2323 250 2330 ,
297 2283 322 2324 et
340 2273 414 2340 una).

335 2346 395 2411 605.
416 2345 495 2396 Come
515 2345 534 2394 il
553 2363 673 2397 cacumen
697 2364 751 2397 non

298 2414 312 2466 ὲ
349 2417 509 2482 concepibile
540 2426 749 2482 separatamente‚

296 2488 349 2538 cosi
369 2489 394 2539 le
407 2489 470 2539 altre
482 2489 547 2554 parti
560 2489 607 2537 che
620 2505 750 2554 segu0n03

297 2567 362 2610 tutte
380 2561 506 2609 insomma
525 2574 589 2608 sono
607 2560 633 2608 la
645 2562 751 2612 materia

297 2631 357 2680 dell'
366 2638 452 2680 atomo
478 2628 625 2694 (corporis),
654 2648 668 2681 e
697 2647 750 2681 non

297 2717 409 2766 possono
421 2701 587 2750 considerarsi
598 2717 671 2752 corne
683 2703 749 2768 parti

297 2788 325 2821 se
343 2787 395 2820 non
414 2771 605 2831 mentalmente,
622 2789 636 2822 e
652 2775 750 2838 ap'atto

297 2841 353 2890 cioe
362 2842 388 2890 di
398 2857 451 2891 non
466 2857 549 2891 essere
562 2859 588 2892 se
602 2859 655 2891 non
667 2844 747 2908 parti3

297 2909 402 2976 giacche
421 2929 476 2962 esse
499 2921 593 2977 perse
618 2922 751 2978 nequeunt

298 2990 414 3032 constare
433 2983 517 3046 (607).

333 3053 394 3104 608.
414 3056 517 3104 haerere
538 3056 620 3103 unde:
633 3051 702 3122 ⁸cine
720 3057 749 3104 in

298 3142 325 3174 eo
344 3133 450 3190 corpore
468 3127 544 3176 unde.

334 3197 394 3258 609.
415 3197 514 3246 salida:
534 3212 560 3245 se
580 3203 669 3262 queste
682 3196 749 3264 parti

299 3275 456 3316 meremente
468 3273 581 3332 pensate,
601 3282 654 3314 non
670 3267 748 3316 inter-

300 3353 425 3403 rompono
435 3337 461 3386 la
468 3333 609 3385 continuiti
619 3337 749 3386 materiale

299 3408 341 3456 dei
361 3408 516 3472 primordia,
546 3404 585 3456 cit
611 3408 673 3459 vuol
695 3408 749 3457 dire

300 3480 347 3528 che
365 3485 402 3527 tra
414 3477 430 3526 Γ
439 3494 490 3526 una
504 3494 517 3526 e
529 3477 612 3527 l'altra
623 3494 675 3527 non
688 3480 710 3526 ν’
718 3479 750 3528 ha

299 3549 392 3615 sperio,
414 3565 428 3598 e
453 3549 500 3598 che
527 3546 582 3597 cioe
605 3549 642 3614 gli
670 3550 749 3598 atomi

300 3635 363 3670 sono
390 3620 468 3670 solidi
484 3617 524 3685 ’(ο,
553 3635 626 3671 come
650 3621 707 3670 dice
731 3621 750 3670 il

804 1643 888 1703 poeta¹
913 1637 995 1685 salida
1023 1634 1205 1700 simplicitate).
1235 1638 1260 1686 E

805 1723 869 1756 sono
888 1707 1005 1772 semplici
1024 1715 1138 1771 appunto
1160 1703 1259 1770 perche

804 1779 829 1828 la
847 1779 903 1829 loro
921 1779 1027 1827 materia
1046 1774 1059 1824 ὲ
1083 1777 1206 1825 continua
1226 1778 1259 1826 ed

805 1865 855 1898 una
874 1849 932 1914 (cfr.
952 1865 974 1898 v.
996 1845 1066 1912 548).

841 1921 901 1970 610.
930 1919 1043 1968 minimis
1066 1919 1204 1982 partibus.-
1233 1918 1262 1968 le

804 1993 870 2058 parti
887 1997 996 2042 estreme
1015 1990 1034 2038 il
1052 1996 1129 2056 poeta
1141 1989 1175 2037 ha
1187 1989 1260 2038 chia·

805 2070 874 2112 mato
893 2062 1034 2111 cacumina.
1049 2061 1158 2123 Quieta
1169 2075 1260 2108 neces·

805 2134 870 2182 saria
888 2149 939 2181 una
957 2131 1136 2196 designazione
1156 2127 1201 2196 piu
1214 2146 1260 2195 ge·

805 2205 890 2253 nerica
908 2219 954 2268 per
973 2202 1156 2268 comprendere
1174 2203 1260 2252 anche

804 2274 829 2324 le
854 2275 924 2324 altre.
953 2299 985 2310 -
1014 2281 1085 2322 arte:
1114 2273 1146 2321 da
1170 2281 1257 2322 artus.

805 2345 902 2408 Queste
929 2345 995 2410 parti
1009 2359 1072 2392 ‘non
1099 2343 1121 2392 si
1150 2351 1261 2392 toccano

804 2417 880 2464 l'una
902 2431 949 2464 con
974 2414 1057 2463 l'altra
1080 2413 1166 2478 (Epic.
1185 2411 1205 2478 ξ
1226 2413 1261 2479 58

804 2483 867 2536 οὐδὲ
888 2487 977 2550 μέρεσι
1001 2487 1092 2549 μερῶν
1115 2481 1264 2546 ἁπτόμενα,

805 2559 875 2612 detto
894 2553 955 2623 peri
974 2557 1042 2606 delle
1061 2563 1154 2620 partes
1179 2557 1259 2606 mini·

805 2645 860 2678 mae
870 2629 912 2678 dei
922 2628 1000 2692 corpi,
1008 2643 1059 2676 non
1073 2626 1143 2690 degli
1156 2625 1260 2692 atomi),

805 2717 846 2748 ma
860 2715 923 2748 sono
935 2699 1048 2748 coerenti
1066 2698 1093 2746 in
1112 2713 1164 2746 una
1177 2705 1261 2748 mate·

804 2771 842 2820 ria
860 2770 944 2820 unica.
1172 2828 1174 2832 .

840 2841 900 2889 611'.
910 2842 1031 2892 illarum:
1042 2839 1084 2888 del
1094 2839 1198 2898 Munr0‚
1213 2855 1263 2904 per

804 2911 910 2960 illorum
928 2911 970 2960 dei
989 2911 1078 2960 codici.
1098 2910 1128 2958 L'
1136 2916 1227 2958 atomo
1246 2906 1262 2958 ὲ

804 2983 909 3047 dunque
927 2998 963 3031 uu
981 2983 1125 3032 concilium.
1138 2981 1177 3030 Le
1189 2981 1262 3046 parti

804 3069 849 3102 sue
860 3068 923 3102 sono
937 3062 1086 3117 puramente
1098 3052 1189 3114 ideali;
1204 3067 1262 3100 non

805 3119 819 3170 ὲ
834 3121 877 3186 gii
889 3124 935 3172 che
948 3124 969 3172 si
982 3124 1054 3172 sieno
1069 3124 1163 3172 riunite
1176 3139 1191 3172 a
1204 3122 1263 3172 sor·

804 3210 872 3243 mare
892 3210 927 3242 un
943 3209 1028 3259 corpo.
1040 3193 1161 3258 Epicuro¹
1177 3192 1194 3258 ἓ
1209 3208 1260 3259 59:

804 3262 973 3328 συμφόρησιν
984 3260 1013 3314 δὲ
1025 3260 1055 3314 ἐκ
1070 3261 1170 3314 τούτων
1183 3261 1263 3328 ἑχόν-

804 3351 857 3385 των
875 3332 923 3399 οὐχ
944 3332 999 3384 οἶόν
1018 3352 1044 3409 'i
1062 3332 1191 3399 γενέσθαι.

840 3406 900 3470 613.
930 3424 1035 3471 neque...
1066 3407 1135 3454 iam:
1165 3425 1178 3448 ι
1205 3423 1263 3456 non

804 3472 849 3543 piit
864 3497 886 3541 »‚
902 3475 995 3543 perche
1008 3493 1053 3543 per
1064 3477 1102 3540 gli
1115 3477 1173 3528 altri
1186 3480 1266 3544 eorpi

805 3550 829 3598 la
848 3557 938 3598 natura
957 3549 1077 3597 concedit.

841 3620 901 3684 615.
910 3621 1085 3684 parvissima:
1098 3633 1150 3667 non
1165 3626 1268 3683 potera
