2778 4286
447 305 488 345 DE
511 304 618 346 RERUM
642 305 780 350 NATURA.

131 439 161 488 et
182 426 310 505 graviter
332 427 432 506 magni
455 447 565 506 magno
587 427 721 490 cecidere
744 429 787 491 ibi
809 448 901 508 casu;

130 516 259 594 primum
283 519 364 594 quod
386 527 485 577 motus
508 530 648 594 exempto
670 520 761 578 rebus
784 518 865 578 inani

130 605 314 666 constituunt
336 616 366 664 et
388 624 435 665 res
457 606 555 665 mollis
577 625 716 683 rarasque
739 607 921 685 relinquout‚

129 702 198 754 aera
220 713 317 753 rorem
341 693 440 771 ignem
463 704 555 754 terras
579 693 717 756 animalia
739 695 837 774 frugis,

130 801 187 843 nec
209 793 309 842 tamen
332 781 498 843 admiscent
519 782 552 842 in
575 803 679 842 eorum
701 803 809 862 corpus
833 784 938 860 inane;
1024 803 1085 862 745

130 870 241 932 deinde
264 872 345 947 quod
368 869 491 931 omnino
513 873 604 930 finem
627 891 690 932 non
713 892 777 933 esse
801 873 937 934 secandis

131 959 307 1036 corporibus
329 959 441 1020 faciunt
463 979 561 1037 neque
584 980 706 1037 pausam
729 971 805 1022 stare
828 961 944 1040 fragori,

131 1067 189 1108 nec
212 1066 348 1124 prorsum
372 1047 403 1107 in
426 1050 515 1108 rebus
539 1047 697 1109 minimum
721 1050 882 1110 consistere
908 1049 1087 1129 quicquam;

130 1155 199 1197 cum
222 1135 376 1196 videamus
399 1135 430 1195 id
454 1147 618 1196 extremum
643 1137 786 1216 cuiusque
808 1159 952 1200 cacumen

166 1376 225 1427 741.
245 1364 333 1428 magni
351 1379 460 1428 magno:
480 1363 489 1412 i
513 1364 582 1415 soliti

126 1437 291 1499 parhomoea,
326 1449 398 1484 come
426 1450 502 1499 sopra
532 1446 581 1501 735

130 1507 219 1556 multis
237 1505 368 1568 multoque
387 1520 437 1554 ecc.
455 1531 483 1540 -
506 1522 583 1554 casu:

129 1573 172 1640 gib
190 1576 294 1624 l'antico
312 1582 450 1626 correttore
468 1576 581 1626 dell’Ob·

129 1647 223 1712 longus
242 1662 288 1711 per
306 1662 392 1696 causa.

166 1730 225 1781 742.
249 1717 406 1782 Empedocle
436 1733 533 1781 negata
561 1717 581 1766 il

127 1797 216 1838 vuoto.
242 1787 295 1838 Csr.
317 1784 382 1854 [An]
410 1789 439 1836 de
465 1789 577 1846 Melissa,

127 1859 247 1923 Xenoph.
279 1858 319 1917 G„
337 1869 360 1920 2,
381 1857 457 1920 976‚b
479 1871 531 1922 23:
556 1855 581 1907 ὄ-

126 1927 213 1992 μοίως
238 1924 267 1979 δὲ
290 1924 335 1978 καὶ
361 1924 377 1976 ὅ
400 1926 581 1994 Ἐμπεδοκλῆς

126 1997 260 2050 κινεῖσθαι
278 1995 326 2062 μὲν
345 1994 387 2048 ἀεί
398 2016 462 2064 φησι
476 2017 580 2064 συγκρι-

126 2069 225 2134 νόμενα
245 2067 289 2119 τὸν
315 2067 415 2120 ἅπαντα
440 2067 580 2134 ἐνδελεχῶς

127 2140 233 2206 χρόνον,
253 2136 330 2191 κενὸν
354 2136 383 2189 δὲ
410 2138 487 2191 οὐδὲν
516 2137 580 2191 εἶναι

127 2212 213 2276 λέγων
224 2208 275 2267 ὡς·
290 2215 344 2261 τοῦ
363 2209 482 2268 παντὸς
496 2209 579 2262 δὀὐ-

128 2280 186 2333 dev
205 2281 329 2332 κενεόν.
348 2280 456 2332 πόθεν
474 2279 533 2333 οὖν
551 2281 583 2332 τί

127 2353 157 2404 κ’
177 2351 312 2404 ἑπελθοι
323 2372 334 2411 ,·
352 2350 413 2403 ὅταν
426 2351 454 2402 δὲ
469 2352 505 2409 εἰς
518 2351 581 2416 μίαν

126 2423 239 2490 μορφὴν
257 2423 398 2489 συγκριθῇ,
417 2422 485 2474 ὥσθ’
503 2422 531 2474 ἕν
546 2420 581 2474 εἴ·

126 2513 171 2547 ναι
194 2517 205 2540 ι
226 2491 303 2545 οὐδὲν
324 2515 345 2554 ι,
372 2493 446 2560 φησί,
474 2493 535 2544 ,τό
551 2513 580 2562 γε

126 2563 221 2618 κενεὸν
240 2563 309 2616 πέλει
328 2563 389 2616 οὐδὲ
413 2582 536 2630 περισσον
558 2585 579 2617 ι.

127 2639 161 2688 V.
174 2639 255 2687 anche
268 2638 352 2696 Aezio¹
369 2641 386 2696 1,
403 2637 442 2696 18,
457 2651 472 2686 2
486 2637 579 2703 (Diels,

128 2711 257 2773 Doxogr„
275 2708 335 2771 316,
358 2709 390 2770 1).

166 2791 226 2844 743.
257 2796 298 2828 res
326 2780 408 2828 mollis
433 2795 579 2843 rarasque:

128 2851 214 2899 mollis
232 2845 325 2916 perche
352 2850 473 2913 cedevoli,
502 2866 581 2899 raras

127 2917 223 2986 perche
241 2936 340 2986 potose,
357 2921 401 2970 cfr.
415 2921 526 2979 Ariston,
541 2923 581 2970 De

126 3008 186 3056 gen.
210 3000 235 3041 et
253 3005 328 3049 cm„
348 2992 367 3050 Ι,
388 2992 419 3052 8;
444 2991 579 3056 Philopon.

127 3080 144 3110 a
165 3079 189 3127 q.
203 3063 232 3121 l.‚·
247 3063 304 3121 160,
318 3076 332 3126 3
347 3062 407 3121 vit„
423 3063 469 3110 che
483 3063 582 3111 chiama

129 3133 282 3182 addicittura
299 3134 373 3182 vuoti
386 3133 394 3181 i
409 3135 472 3197 pori
483 3133 508 3180 di
522 3134 581 3182 Em-

129 3204 255 3270 pedocle:
276 3200 305 3253 τά
324 3199 352 3252 δὲ
371 3199 467 3265 μεταξὺ
494 3200 582 3253 αὐτῶν

128 3271 205 3332 κενά,
223 3272 269 3330 οὕς
285 3271 466 3338 Ἐμπεδοκλῆς
483 3273 582 3337 πόρους

127 3342 253 3394 ἐκάλεσεν
283 3345 375 3410 (Diels,
409 3345 478 3394 Poet.
506 3347 580 3409 pail„

128 3417 249 3482 p.103).

168 3498 227 3552 745.
247 3488 388 3536 admiscent
404 3488 458 3536 in...
473 3495 581 3552 corpus:

126 3575 155 3607 v.
175 3568 236 3608 nota
255 3575 269 3606 a
289 3558 348 3622 569.

169 3630 228 3692 746.
242 3631 360 3678 nurnine:
375 3649 386 3673 ι
400 3629 581 3679 assolutamen-

636 1372 662 1414 te
685 1383 706 1419 ι.
727 1391 757 1401 -
778 1367 907 1415 secandis:
925 1366 992 1415 circa
1010 1366 1029 1415 il
1042 1382 1087 1431 ge·

637 1436 727 1484 rundio
746 1437 803 1486 vedi
822 1445 915 1486 notua
934 1447 994 1500 707.

673 1517 732 1568 747.
735 1507 862 1571 faciunt:
875 1508 958 1558 antica
967 1508 1086 1559 evidente

635 1579 779 1627 correzioue
796 1595 841 1642 per
851 1579 963 1642 facient.
978 1606 1009 1614 -
1021 1579 1086 1643 fra·

633 1650 706 1712 gori:
735 1649 779 1712 qui
807 1665 852 1714 per
880 1669 891 1692 ι
918 1649 1086 1699 divisione».

635 1717 696 1768 Cosi
716 1721 839 1768 Lucrezio
856 1720 890 1769 ha
907 1720 1008 1769 coniato
1023 1736 1086 1786 pure

635 1787 667 1854 (Ι,
691 1788 752 1854 164)
770 1807 855 1848 senor,
875 1791 948 1839 -ore‘n

672 1859 730 1922 748.
754 1862 907 1924 quicquam:
934 1861 942 1909 i
968 1862 1017 1910 due
1038 1861 1085 1912 lei-

635 1931 707 1980 densi
720 1933 766 1996 qui
771 1949 781 1988 ‚·
792 1931 811 1979 il
821 1932 930 1981 Marullo
940 1933 1085 1996 quicquam.

634 2003 761 2052 Potrebbe
771 2003 885 2067 pensarsi
895 2003 976 2053 anche
986 2021 1001 2053 a
1011 2005 1087 2067 quire

635 2074 681 2123 che
701 2070 714 2121 ὲ
733 2073 761 2122 iu
779 2073 888 2138 qualche
901 2073 988 2124 codice
1002 2081 1085 2138 poste·

635 2145 708 2193 riore.

671 2225 797 2279 749-752.
828 2216 936 2266 Ritorna
963 2217 1008 2281 qui
1035 2215 1086 2266 alla

634 2287 714 2335 teoria
732 2286 774 2334 del
793 2303 919 2346 cacumen,
946 2287 972 2335 di
992 2287 1034 2336 cui
1053 2287 1086 2336 ha

634 2355 676 2420 gil
688 2357 800 2404 discorso
811 2358 852 2406 nei
863 2373 901 2405 vv.
913 2367 963 2420 599
977 2374 991 2407 e
1004 2373 1082 2422 segg„

634 2443 677 2474 ina
693 2427 717 2474 vi
730 2429 825 2476 ritorna
838 2443 882 2491 per
895 2428 1007 2476 trattarla
1019 2437 1086 2478 sotto

634 2513 670 2546 un
688 2504 787 2562 aspetto
815 2498 913 2546 diverso
941 2498 973 2546 da
997 2498 1085 2563 quello

634 2568 714 2616 allora
732 2576 813 2632 posto.
833 2567 884 2617 Nel
902 2584 977 2632 passo
993 2584 1036 2616 ora
1049 2569 1084 2617 ci·

635 2646 688 2688 tato
706 2641 728 2688 si
750 2639 948 2688 consideravano
974 2639 982 2686 i
1009 2655 1084 2687 cacu-

634 2711 705 2758 mitia
719 2725 792 2760 come
800 2717 891 2774 partes
907 2711 1031 2758 ruinimae'
1040 2709 1085 2758 de·

635 2781 833 2843 gl’indivisibili,
850 2780 920 2844 degli
933 2780 1019 2829 atomi.
1033 2779 1085 2830 Ora

634 2844 1085 2902 Lucrezioconsiderainveceicacu-

635 2925 705 2970 mina
716 2922 757 2971 dei
769 2923 840 2987 corpi
853 2921 975 2970 sensibili.
987 2921 1084 2986 Questa

634 3001 705 3057 parte
725 2989 738 3040 ὲ
757 2989 802 3058 piis
816 2993 947 3042 conforme
961 2992 1011 3042 alla
1025 3001 1084 3042 trat-

635 3063 733 3111 tazione
752 3063 778 3112 di
796 3063 907 3128 Epicuro
932 3062 961 3128 (ξ
982 3063 1084 3128 58-60).

634 3134 747 3198 Epicuro
773 3134 864 3198 insatti,
890 3134 973 3184 ledele
995 3135 1020 3183 al
1038 3150 1084 3184 suo

635 3205 745 3262 sistema,
759 3212 830 3270 parte
843 3205 885 3253 dal
898 3205 1025 3268 sensibile,
1039 3221 1085 3270 per

634 3275 756 3338 giuugere
775 3276 807 3324 da
825 3276 913 3340 quello
934 3272 1082 3339 αλλ’ἅόηλον.

634 3345 698 3394 Dice
717 3347 821 3411 dunque
840 3347 963 3411 Epicuro:
990 3363 1017 3396 se
1040 3347 1084 3395 noi

634 3417 819 3466 consideriamo
829 3417 955 3466 l’estrema
966 3424 1045 3481 punta
1058 3417 1084 3465 di

635 3502 670 3534 un
679 3502 757 3552 corpo
768 3487 895 3546 sensibile.
907 3487 1025 3537 vediarno
1038 3489 1084 3538 che

635 3573 690 3606 essa
708 3553 722 3606 λ
740 3557 759 3605 il
775 3559 909 3606 minimum
922 3558 990 3608 della
1004 3567 1084 3608 mate·

635 3628 672 3676 ria
690 3627 819 3688 sensibile,
839 3645 880 3678 ma
898 3644 950 3679 non
963 3625 977 3678 ὲ
990 3647 1025 3680 un
1038 3632 1083 3678 mi·
