2756 4294
314 310 355 381 84
641 323 672 368 r.
696 323 830 370 rucnrrr
852 321 937 368 ceno

313 445 416 526 possit,
441 447 524 524 quod
546 444 668 524 quidam
690 449 817 526 fingunt,
840 467 1030 528 praecurrere
1053 469 1152 528 cogor.

312 539 418 598 cedere
442 535 635 614 squamigeris
657 535 759 598 latices
781 536 945 598 nitentibus
966 537 1050 598 aiunt

245 677 247 681 .
313 636 343 686 et
365 623 493 704 liquidas
515 622 630 703 aperire
653 623 724 698 vias,
750 625 820 703 quia
842 637 911 706 post
933 631 999 688 loca
1020 628 1116 706 pisces

312 715 459 792 linquant,
483 733 544 792 quo
567 713 683 792 possint
705 715 847 776 cedentes
870 719 1021 777 confluere
1044 717 1164 792 undae;
1208 735 1268 795 375

234 827 239 835 ·
313 805 354 866 sic
376 803 448 863 alias
471 822 591 882 quoque
614 823 661 863 res
683 802 761 864 inter
784 824 815 866 se
837 825 927 884 posse
949 805 1063 866 moveri

313 904 343 953 et
365 903 481 952 mutare
504 894 613 965 locum,
639 892 775 970 quamvis
797 893 857 954 sint
880 893 981 954 omnia
1003 897 1103 972 plena.

313 981 433 1056 scilicet,
459 980 491 1041 id
514 983 586 1041 falsa
609 990 705 1042 totum
728 981 842 1044 ratione
865 994 1056 1062 receptumst.

310 1182 396 1226 vuoto.
410 1175 433 1226 Il
445 1177 603 1226 movimento
615 1173 668 1242 pud
681 1193 763 1228 essere

312 1247 425 1298 scambio
444 1249 470 1297 di
483 1247 567 1314 posti..
586 1247 647 1298 Cosl
661 1249 764 1298 nell'ac·

312 1335 363 1386 qua
382 1318 499 1369 vediamo
518 1319 645 1370 mnoversi
663 1320 762 1386 ipesci,

313 1407 411 1456 eppure
429 1405 483 1438 non
504 1389 609 1440 lasciare
637 1390 719 1440 dietro
737 1392 763 1440 di

311 1457 338 1514 εὲ
357 1462 376 1512 ΙΙ
403 1469 489 1511 vuoto.
517 1460 577 1512 Cosl
605 1462 763 1527 Empedocle

310 1538 463 1584 ammetteva
481 1533 500 1582 il
518 1535 676 1584 movimento
689 1550 764 1584 senza

310 1612 402 1655 vuoto:
413 1601 477 1670 [An]
485 1605 628 1655 deMelisso
640 1605 760 1670 Xenoph.

311 1676 413 1741 Gorgia,
425 1688 449 1736 2,
459 1693 484 1740 p.
496 1675 578 1739 9761),
592 1689 625 1739 23
638 1696 650 1720 ι
663 1673 761 1738 ὁμοίως

310 1746 404 1813 (prima
436 1747 507 1813 parla
535 1747 562 1796 di
588 1747 761 1810 Anassagora)

310 1814 398 1868 δὲκαὶ
411 1815 617 1882 ὅἘμπεὸοκλῆς
630 1815 761 1868 κινεῖσθαι

309 1885 357 1953 μὲν
375 1886 418 1940 ἀεί
431 1905 496 1954 φησι
509 1887 698 1953 συγκρινόμενα
718 1885 761 1938 τὸν

216 1959 220 1968 ⁴
309 1959 409 2011 ἅπαντα
419 1957 561 2024 ἐνδελεχῶς
570 1959 674 2024 χρόνον,
685 1957 762 2010 κενὸν

310 2029 339 2082 δὲ
356 2027 433 2082 οὐδὲν
453 2026 517 2081 εἶναι
529 2028 612 2096 λέγων
632 2029 669 2086 ὡς
687 2052 698 2074 ι
714 2035 760 2082 τοῦ

308 2099 404 2158 παντὸς
423 2099 447 2152 δ’
466 2098 544 2152 οὐδέν
562 2101 659 2152 κενεόν.
678 2099 762 2153 πόθεν

251 2200 253 2206 ·
309 2170 401 2224 οὖντί
416 2169 444 2222 κ’
462 2169 567 2222 ἐπέλθοι
574 2192 585 2231 ,·
603 2191 624 2223 ι.
645 2175 761 2224 Secondo

311 2245 346 2295 tal
364 2245 482 2308 dottrina‚
502 2245 548 2294 che
561 2244 590 2293 fu
604 2246 703 2308 seguita
715 2261 760 2294 an·

309 2317 357 2366 che
372 2317 405 2365 da
417 2315 483 2376 altri,
495 2316 517 2365 si
530 2323 683 2366 ammetteva
695 2316 760 2365 dun·

309 2404 361 2453 que
379 2388 425 2437 che
444 2387 512 2438 nella
530 2387 656 2438 divisione
680 2387 706 2436 di
725 2404 760 2436 un

309 2475 387 2524 corpo
406 2475 458 2510 non
477 2459 615 2510 rimanesse
639 2465 716 2508 vuoto
734 2459 761 2508 lo

309 2531 394 2596 spazio
422 2531 583 2593 intermedio,
611 2528 664 2578 cosi
689 2545 761 2580 come

309 2601 412 2667 quando
431 2603 439 2650 i
458 2601 529 2666 corpi
542 2602 563 2650 si
576 2615 705 2650 muovono
718 2601 761 2650 nei

308 2673 408 2738 liquidi,
427 2673 454 2721 lo
476 2672 561 2738 spazio
588 2673 621 2720 da
649 2672 698 2722 essi
723 2672 760 2720 la-

308 2745 388 2794 scinto
407 2760 459 2793 non
483 2743 580 2792 rimans
605 2749 690 2792 vuoto.
710 2744 760 2792 Ao·

308 2830 389 2864 cenna
407 2832 422 2864 a
436 2815 470 2864 tal
483 2814 595 2863 dottrina
612 2814 759 2874 Aristotele,

308 2887 394 2949 Phys„
408 2887 452 2946 IV,
464 2896 491 2949 7:
505 2882 559 2948 ἅμα
569 2881 617 2950 γὰρ
631 2881 760 2949 ἐνδέχεται

307 2952 437 3015 ὑπεξιέναι
456 2953 583 3020 ἀλλήλοις,
601 2953 707 3011 οὐδενὸς
720 2954 760 3006 ὅν-

308 3043 351 3082 roc
364 3025 537 3092 διαστήματος
547 3032 678 3092 χωριστοῦ
688 3024 760 3092 παρὰ

307 3097 339 3148 τὰ
357 3095 465 3161 σώματα
484 3095 515 3149 τὰ
539 3097 687 3164 κινούμενα.
714 3096 760 3150 καὶ

307 3173 383 3220 τοῦτο
402 3168 481 3236 δῆλον
508 3166 554 3220 καὶ
578 3167 606 3221 ἔν
630 3175 684 3227 ταῖς
707 3175 760 3222 τῶν

308 3246 426 3308 συνεχῶν
445 3240 535 3304 δίναις,
561 3241 649 3308 ὥσπερ
668 3239 713 3293 καὶ
732 3239 759 3293 ἓν

308 3318 363 3370 ταῖς
381 3317 434 3362 τῶν
456 3311 553 3379 ὑγρῶν.

344 3396 404 3448 370.
423 3385 493 3434 illud
507 3386 536 3432 in
554 3385 594 3433 his
615 3386 708 3432 rebus:
733 3384 759 3432 lo

308 3463 388 3505 stesso
413 3455 540 3522 principio
565 3454 612 3504 che
630 3455 655 3504 al
673 3471 696 3505 v.
716 3453 757 3506 80.

307 3526 406 3576 Illud...
421 3535 610 3590 praecurrere:
638 3547 650 3571 ι
670 3542 758 3592 preve·

308 3596 363 3645 nire
381 3597 468 3662 quella
486 3597 637 3648 obbiezione
657 3617 681 3647 ι.

344 3676 403 3729 372.
423 3669 531 3718 latices:
556 3689 568 3712 ι
590 3669 614 3718 le
634 3685 715 3735 acque
735 3689 757 3730 ν,

818 1195 891 1230 come
909 1179 937 1228 in
956 1181 975 1239 1,
995 1189 1062 1243 379;
1082 1178 1114 1242 V,
1128 1178 1194 1228 262:
1210 1181 1270 1228 ‹la-

817 1251 878 1300 ticer
897 1266 1005 1300 rnanare
1019 1251 1144 1315 perennis
1164 1267 1197 1311 »ς
1224 1252 1269 1312 111,

817 1332 883 1386 435:
912 1341 923 1365 ι
944 1321 1044 1371 laticem
1071 1321 1200 1370 discedere
1221 1338 1270 1371 cer·

818 1395 860 1442 nis
878 1411 899 1443 ι.
919 1394 1008 1442 Presso
1021 1392 1145 1442 Lucrezlo
1157 1392 1269 1458 dunque,

817 1465 921 1529 quando
939 1479 989 1512 con
1004 1464 1091 1514 latices
1106 1479 1160 1513 non
1172 1459 1187 1512 ὲ
1200 1465 1271 1513 unito

817 1535 882 1584 altro
907 1535 1030 1601 genitivo,
1054 1549 1111 1584 esso
1134 1535 1230 1584 denota
1247 1535 1270 1584 le

816 1622 904 1672 acque,
924 1601 1049 1668 salvochd,
1074 1605 1268 1666 naturalmente,

816 1677 834 1726 il
853 1677 966 1742 genitivo
985 1693 1038 1726 non
1063 1677 1084 1726 si
1113 1677 1269 1728 sottintenda

816 1749 883 1798 dalle
902 1748 990 1814 parole
1015 1749 1170 1814 precedenti,
1199 1763 1269 1797 come

815 1821 843 1868 in
861 1821 894 1879 11,
915 1819 979 1883 656:
1002 1839 1013 1862 ι
1035 1820 1059 1868 si
1076 1821 1161 1882 quis...
1174 1820 1270 1868 Bacchi

816 1891 918 1940 neurim
936 1891 1009 1939 abuti
1025 1890 1130 1940 Mavult
1141 1907 1219 1954 quam
1232 1891 1267 1938 la·

816 1962 872 2010 ticis
887 1962 1027 2025 proprium
1047 1961 1173 2026 proferre
1196 1977 1267 2009 voca·

816 2049 873 2080 men
888 2051 913 2086 ».,
925 2058 958 2066 -
971 2031 1158 2096 squamigeris:
1177 2032 1268 2096 adope-

815 2111 870 2152 rato
888 2103 1113 2152 sostantivamente
1132 2119 1179 2168 per
1199 2123 1210 2145 e
1226 2119 1268 2168 pe·

815 2175 851 2224 sci
873 2193 894 2233 ι,
917 2173 1050 2239 frequente
1074 2174 1101 2222 in
1125 2175 1266 2234 Lucre2i03

815 2245 860 2294 cfr.
874 2247 894 2304 1,
911 2245 968 2304 162,
982 2243 1095 2308 378311,
1109 2257 1170 2308 343,
1187 2244 1267 2308 1083;

815 2317 836 2366 si
855 2317 948 2365 ritrova
966 2315 1048 2365 anche
1071 2315 1098 2364 in
1119 2316 1213 2376 Plinio,
1233 2317 1267 2364 N.

815 2388 1037 2450 H.11‚37.50·

852 2470 911 2522 373.
939 2466 1002 2522 post
1027 2458 1082 2506 loca
1106 2459 1191 2522 pisces
1219 2459 1268 2508 Iin-

815 2537 915 2593 quant:
931 2530 986 2578 loca
1000 2524 1014 2576 ὲ
1024 2543 1083 2592 ogg.
1093 2529 1120 2577 di
1129 2530 1269 2594 linquant,-

810 2609 872 2664 post
893 2597 906 2648 ὲ
925 2601 1052 2650 avverbio.

851 2682 910 2738 375.
931 2673 1000 2720 inter
1011 2687 1037 2719 se
1046 2679 1121 2735 posse
1137 2673 1237 2721 ιιιννινί
1247 2680 1270 2722 et

815 2751 916 2792 ιιιιιίανι
934 2744 1034 2791 locum:
1053 2743 1122 2791 inter
1136 2759 1163 2791 se
1176 2743 1198 2792 si
1212 2742 1269 2792 rife-

814 2813 878 2863 risce
905 2815 987 2864 anche
1011 2829 1026 2862 a
1053 2821 1157 2862 mutare
1187 2815 1269 2863 iocum

817 2904 828 2926 ι
849 2885 997 2935 scambiarsi
1015 2894 1090 2950 posto
1109 2903 1131 2934 ι.
1146 2883 1199 2934 cfr.
1214 2885 1268 2933 Ari-

814 2957 905 3006 stotele
923 2956 966 3006 nel
985 2971 1059 3020 passo
1080 2971 1158 3020 sopra
1184 2957 1268 3018 citato,

814 3027 890 3090 Phys.
910 3030 955 3086 IV,
976 3036 1004 3089 7:
1029 3022 1200 3076 ἀλλοιοῦσθαι
1220 3022 1268 3092 γὰρ

813 3093 841 3146 τὸ
860 3094 956 3162 πλῆρες
978 3094 1118 3162 ἐνδέχεται,
1144 3094 1210 3148 ἀλλὰ
1234 3094 1267 3162 δὴ

812 3165 874 3220 οὐδὲ
893 3165 940 3236 τὴν
964 3164 1031 3218 κατὰ
1057 3165 1136 3217 τόπον
1155 3167 1266 3233 κίνησιν.

812 3239 866 3304 ἅμα
875 3237 925 3307 γὰρ
938 3237 1067 3306 ἐνδέχεται
1082 3236 1213 3298 ὑπεξιέναι
1226 3236 1267 3289 α’λ-

811 3309 906 3375 λήλοις.

848 3392 907 3446 377.
926 3382 1037 3431 scilicet:
1069 3383 1210 3448 adoperato
1236 3383 1267 3430 da

812 3453 935 3504 Lucrezio
953 3453 985 3501 ad
1004 3453 1148 3502 introdurre
1168 3469 1204 3504 un
1221 3468 1267 3502 suo

812 3525 1004 3589 ragionamento
1034 3539 1049 3572 ο
1080 3525 1262 3574 conclusione:

813 3617 824 3641 ι
847 3602 1000 3646 certamente
1014 3613 1041 3656 »ς
1056 3595 1083 3644 in
1093 3596 1113 3655 1,
1127 3609 1177 3658 901
1193 3596 1264 3662 quasi

811 3684 883 3718 come
893 3668 1002 3733 risposta
1014 3667 1189 3718 affermativa:
1205 3687 1216 3712 e
1234 3664 1263 3724 si,

1353 285 1358 384 l
