2778 4286
435 321 476 361 DE
499 321 607 363 RERUM
629 321 769 367 NATURA.

1021 325 1081 387 145

125 446 241 526 quippe
263 465 348 507 suam
371 447 499 526 quicque
520 447 552 508 in
575 459 662 510 coetu
684 449 823 510 variantis
845 449 943 512 acervi
1021 469 1095 530 775*

125 545 264 596 naturam
287 537 435 611 ostendet,
459 537 628 615 mixtusque
651 538 802 599 videbitur
823 548 874 600 aer

126 643 196 686 cum
218 634 297 684 terra
319 624 407 686 simul
429 635 519 704 atque
542 628 631 687 ardor
654 645 722 688 cum
744 645 812 688 rore
835 645 965 690 manere.

125 724 158 774 at
179 712 343 792 primordia
365 713 524 792 gignundis
546 713 578 774 in
599 718 689 776 rebus
712 725 832 794 oportet

124 812 262 862 naturam
286 803 501 864 clandestinam
525 823 704 882 caecamque
726 805 879 876 adhibere,

125 889 257 951 emineat
278 911 317 952 ne
339 892 423 968 quid,
449 893 533 969 quod
555 904 659 954 eontra
681 904 795 971 pugnet
817 903 847 954 et
873 896 972 955 obstet
1021 899 1082 970 780

127 978 311 1057 quominus
335 999 399 1041 esse
422 991 514 1058 queat
535 981 661 1060 proprie*
678 984 890 1060 quodcumque
913 987 1038 1045 creatur.

169 1067 252 1144 Quin
276 1067 366 1130 etiam
388 1080 529 1150 repetunt
551 1091 569 1130 a
592 1074 676 1132 caelo
699 1082 788 1149 atque
811 1071 930 1150 ignibus
954 1073 1016 1132 eius

161 1323 288 1378 775-777.
308 1313 404 1377 quique
417 1313 445 1362 in
464 1320 547 1364 caetu:
560 1315 579 1362 il

124 1385 237 1435 Marullo
256 1401 302 1450 per
318 1386 426 1448 quisque
444 1385 577 1436 incoctum.

125 1456 177 1506 Del
195 1457 254 1506 cod.
271 1455 326 1504 fior.
346 1467 378 1519 31
399 1451 414 1504 ὲ
433 1456 477 1505 nel
489 1471 511 1505 v.
526 1471 578 1520 seg.

123 1529 239 1578 ostendet
265 1543 312 1592 per
336 1528 463 1586 ostendit;
494 1543 508 1577 e
535 1527 578 1576 del

122 1599 253 1649 Lambiuo
264 1605 342 1662 atque
354 1598 435 1646 ardor
449 1615 506 1649 cum
518 1615 579 1648 rore

123 1669 169 1720 nel
189 1679 239 1732 777
265 1685 312 1734 per
336 1676 361 1718 et
382 1670 493 1734 quadam
521 1686 578 1718 cum

123 1757 191 1792 rare.

159 1809 286 1874 778·781.
307 1809 350 1860 Gli
369 1811 490 1860 elementi
503 1811 529 1860 di
542 1811 576 1860 E-

122 1883 221 1948 picuro,
240 1897 313 1932 come
332 1882 353 1930 si
368 1877 440 1948 epid
452 1882 520 1931 volte
532 1897 577 1930 no·

123 1959 184 2012 tato,
205 1967 269 2002 sono
294 1949 382 2012 ἄποια,
412 1969 464 2001 non
492 1953 578 2002 hanno

634 1330 687 1363 non
705 1314 773 1364 dalla
790 1315 846 1364 loro
862 1315 1028 1374 mesc'olanza,
1042 1331 1084 1363 ma

634 1386 677 1434 dal
689 1385 744 1434 loro
756 1393 846 1435 mutuo
858 1394 985 1447 contatto;
999 1382 1084 1435 sicehle

634 1457 703 1506 nella
731 1454 829 1506 totalitb
854 1475 868 1508 e
894 1456 1084 1523 complessivitd

634 1543 679 1578 sua
697 1528 716 1577 il
736 1543 813 1592 corpo
832 1531 932 1592 potense
951 1545 1024 1578 avere
1043 1544 1084 1577 ca-

633 1606 725 1648 rattere
748 1599 913 1656 individuale,
944 1617 957 1648 e
985 1597 1083 1664 qualita

633 1669 776 1735 specifiche,
791 1685 831 1718 ma
844 1670 913 1720 nelle
925 1671 1026 1734 singule
1038 1686 1083 1720 sue

632 1741 697 1806 parti
716 1740 844 1790 risultasse
863 1741 889 1790 di
902 1741 1022 1790 elementi
1041 1737 1084 1805 gia

632 1811 805 1860 differenziati.
825 1811 877 1862 cfr.
890 1813 948 1860 Aet.
962 1814 982 1875 I,
1000 1826 1039 1876 13,
1056 1825 1081 1870 1·,

635 1891 673 1944 17,
685 1895 715 1946 33
736 1882 835 1931 Galeno
847 1883 875 1930 in
888 1883 969 1948 Hipp
984 1884 1014 1930 de
1028 1890 1082 1930 nat.

631 1955 657 2004 a.
675 1953 733 2012 XV,
752 1967 786 2014 49
807 1954 843 2014 K;
865 1970 887 2003 v.
910 1953 990 2011 Diels,
1011 1953 1082 2002 Paet.

122 2021 223 2090 qnalit¹a
234 2022 379 2088 specifiche.
390 2026 423 2075 Se
436 2023 577 2074 balzassero
626 2025 693 2088 phil.
704 2023 818 2090 fragm„
838 2041 863 2090 p.
883 2037 924 2086 90.
950 2039 1021 2072 num.
1038 2037 1082 2086 43.

123 2095 191 2144 fuori
219 2095 262 2143 dal
291 2095 346 2143 loro
374 2109 452 2160 corpo
466 2092 578 2160 qualit&

122 2165 267 2232 specifiche‚
290 2165 397 2215 essendo
416 2165 577 2215 immutabile

122 2237 148 2286 la
166 2237 223 2286 loro
241 2243 341 2296 natura,
359 2237 384 2286 le
400 2236 500 2300 singole
518 2252 577 2286 cose

124 2313 246 2372 generate
265 2307 401 2357 sarebbero
420 2323 455 2356 un
473 2323 577 2356 accozzo

123 2379 149 2428 di
168 2379 289 2428 elementi
309 2379 410 2437 diversi,
424 2379 577 2443 nnajuxta·

119 2451 224 2514 positia,
252 2443 321 2498 dalla
347 2450 422 2515 quale
449 2465 503 2498 non
529 2465 577 2514 po-

123 2521 213 2570 trebbe
231 2513 349 2570 'risultare
367 2537 418 2570 una
433 2520 576 2570 individua-

123 2588 169 2640 lita
187 2591 300 2656 propria,
320 2607 369 2642 eon
389 2591 503 2640 caratteri
518 2608 575 2656 spe-

121 2659 190 2712 cifici
208 2661 272 2726 (essa
291 2669 370 2727 queat
382 2661 509 2726 proprie).
523 2662 575 2710 Lu-

122 2733 205 2782 erezio
231 2733 283 2797 qui,
310 2747 382 2782 come
410 2732 489 2795 suole,
515 2747 575 2781 con-

48 2860 52 2866 ¹
122 2810 248 2869 tmppone
279 2803 480 2854 l'enuneiazione
508 2803 577 2852 della

123 2889 170 2922 sua
179 2873 292 2923 dottrina
304 2891 319 2923 a
332 2873 419 2940 quella
429 2873 575 2924 avversaria.

122 2943 217 3006 Qual'b
240 2952 330 3009 questa
354 2945 465 2993 dottrina
490 2961 576 2994 avver-

122 3015 204 3064 saria?
223 3013 277 3065 Che
293 3017 330 3066 sia
344 3015 430 3081 quella
442 3015 468 3063 di
480 3015 575 3080 Empe·

122 3085 205 3144 docle,
232 3094 390 3136 consentono
414 3087 576 3136 tacitamente

121 3157 196 3216 tutti3
217 3171 259 3205 ma
279 3173 331 3206 non
343 3164 415 3206 trovo
433 3157 576 3222 spiegatoa

121 3227 184 3292 qual
206 3234 288 3292 punto
306 3228 374 3278 della
393 3244 438 3276 sua
457 3228 536 3277 teoria
554 3229 576 3278 si

122 3297 236 3346 riferisca
254 3297 280 3347 la
298 3299 475 3349 confutaaione
490 3299 537 3348 che
550 3297 576 3348 fa

123 3369 249 3419 Lucrezio
268 3370 294 3418 in
313 3369 439 3434 770-781.
464 3370 575 3420 Stimava

123 3439 229 3505 dunque
248 3441 406 3506 Empedocle
424 3441 471 3491 che
485 3441 510 3490 le
529 3456 575 3490 sue

122 3518 226 3575 quattro
245 3513 350 3562 materie
374 3512 522 3562 elementari
541 3511 574 3560 ri-

123 3581 575 3648 sultasserodiparticelleminime‚e

120 3653 171 3704 che
183 3653 192 3702 i
205 3653 276 3719 corpi
287 3654 345 3705 tutti
357 3654 454 3706 fossero
472 3655 574 3704 formati

632 2094 727 2145 Contro
738 2095 787 2144 tale
797 2097 949 2145 eoncezione
959 2095 1083 2144 Lucrezio

631 2173 776 2215 veramente
795 2181 847 2214 non
867 2173 974 2232 apporta
991 2166 1083 2214 alcuna

631 2237 749 2300 ragione:
769 2238 844 2286 crede
861 2239 888 2286 di
907 2237 1049 2287 confutarla
1068 2253 1082 2286 e

631 2323 683 2355 non
702 2307 727 2356 fa
745 2308 792 2356 che
813 2309 967 2358 enunciarla.

667 2377 791 2439 782-802.
826 2375 996 2428 Stabilis‘cono
1027 2380 1083 2427 anzi

632 2465 683 2498 una
702 2457 790 2498 eterna
808 2449 914 2498 vicenda
933 2450 959 2498 di
979 2450 1082 2498 trasfor-

630 2519 745 2582 rnazioni¹
766 2536 812 2585 per
825 2520 902 2568 modo
914 2521 961 2570 che
973 2520 992 2569 il
1006 2520 1082 2569 fuoco

630 2591 726 2640 diventi
744 2594 804 2650 aria,
824 2608 839 2640 e
857 2598 947 2656 questa
965 2607 1053 2655 acqua,
1068 2607 1083 2639 e

631 2669 719 2727 questa
738 2669 811 2721 terra,
837 2678 851 2711 e
877 2663 904 2709 di
928 2675 1013 2709 nuovo
1037 2659 1083 2724 poi

630 2733 698 2781 dalla
717 2740 782 2781 terra
800 2733 822 2780 si
841 2733 917 2780 sormi
940 2731 1048 2794 l'acqua
1067 2747 1080 2780 e

629 2804 673 2867 poi
695 2803 766 2851 l'aria
785 2819 799 2851 e
818 2801 862 2868 poi
881 2801 900 2851 il
918 2802 1003 2850 suoco.
1027 2800 1083 2849 Che

630 2874 675 2938 qui
694 2873 818 2921 Lucrezio
837 2887 890 2921 non
909 2871 975 2938 parli
991 2868 1037 2938 piit
1055 2872 1083 2920 di

628 2943 795 3008 Empedocle,
827 2951 985 2994 consentono
1013 2943 1082 2993 tutti.

629 3015 670 3064 Ad
681 3014 792 3064 Eraclito
804 3014 874 3064 riseri
887 3021 978 3080 questa
990 3015 1084 3066 confu-

629 3085 727 3134 tazione
744 3084 761 3132 l'
773 3086 911 3146 Hallier,
931 3087 1010 3136 Lucr.
1024 3102 1083 3135 car·

629 3157 701 3205 mina
720 3172 734 3204 e
752 3155 858 3222 fragm.
884 3159 961 3222 Emp.
990 3157 1080 3206 adum·

628 3229 711 3285 brata,
742 3243 767 3292 p.
797 3241 846 3292 203
873 3229 926 3292 agli
953 3227 1033 3276 Stoici
1061 3225 1081 3274 il

628 3298 782 3356 Karsten,
796 3301 874 3364 Emp.
885 3299 1080 3364 reliq.,p.410;

627 3368 647 3416 il
665 3369 854 3429 Reisacker‚
883 3371 984 3430 Quaest.
1004 3369 1080 3423 lucr„

628 3457 654 3504 p.
676 3453 720 3500 11;
740 3441 759 3489 il
782 3442 987 3504 Mnnroaq.
1007 3438 1038 3496 1.;
1061 3437 1081 3486 il

629 3511 798 3566 Giussani.
824 3513 909 3560 Prima
926 3511 953 3559 di
977 3516 1081 3559 trattare

629 3587 719 3648 questa
738 3583 872 3648 questione
895 3581 1080 3632 confermiamo

628 3653 728 3703 intanto
735 3654 782 3704 che
792 3653 875 3719 questi
882 3653 947 3703 versi
957 3669 1010 3702 uon
1019 3657 1079 3700 trat·

861 3783 1035 3831 ,10'
