<?xml version="1.0" encoding="UTF-8"?>
<!DOCTYPE html PUBLIC "-//W3C//DTD XHTML 1.0 Transitional//EN"
    "http://www.w3.org/TR/xhtml1/DTD/xhtml1-transitional.dtd">
<html xmlns="http://www.w3.org/1999/xhtml" xml:lang="en" lang="en">
 <head>
  <title>
</title>
<meta http-equiv="Content-Type" content="text/html;charset=utf-8" />
  <meta name='ocr-system' content='tesseract 3.04.00' />
  <meta name='ocr-capabilities' content='ocr_page ocr_carea ocr_par ocr_line ocrx_word'/>
</head>
<body>
  <div class='ocr_page' id='page_1' title='image "./tlucreticarider21carugoog_0148.png"; bbox 0 0 2756 4294; ppageno 0'>
   <div class='ocr_carea' id='block_1_1' title="bbox 422 337 756 386">
    <p class='ocr_par' dir='ltr' id='par_1_1' title="bbox 422 337 756 386">
     <span class='ocr_line' id='line_1_1' title="bbox 422 337 756 386; baseline 0.009 -3"><span class='ocrx_word' id='word_1_1' title='bbox 422 341 464 383; x_wconf 71' lang='grc' dir='ltr'><em>ΒΕ</em></span> <span class='ocrx_word' id='word_1_2' title='bbox 487 340 594 384; x_wconf 76' lang='lat' dir='ltr'>RERUM</span> <span class='ocrx_word' id='word_1_3' title='bbox 617 337 756 386; x_wconf 71' lang='lat' dir='ltr'><strong>NATURA.</strong></span> 
     </span>
    </p>
   </div>
   <div class='ocr_carea' id='block_1_2' title="bbox 110 461 898 718">
    <p class='ocr_par' dir='ltr' id='par_1_2' title="bbox 110 461 898 718">
     <span class='ocr_line' id='line_1_2' title="bbox 112 461 811 542; baseline -0.001 -19"><span class='ocrx_word' id='word_1_4' title='bbox 112 462 230 524; x_wconf 90' lang='lat' dir='ltr'><em>denseri</em></span> <span class='ocrx_word' id='word_1_5' title='bbox 253 473 394 542; x_wconf 88' lang='lat' dir='ltr'><em>poterunt</em></span> <span class='ocrx_word' id='word_1_6' title='bbox 416 462 500 542; x_wconf 88' lang='lat' dir='ltr'><em>ignes</em></span> <span class='ocrx_word' id='word_1_7' title='bbox 522 462 639 541; x_wconf 87' lang='lat' dir='ltr'>rarique</span> <span class='ocrx_word' id='word_1_8' title='bbox 661 461 791 538; x_wconf 87' lang='lat' dir='ltr'>relinqui</span> <span class='ocrx_word' id='word_1_9' title='bbox 803 480 811 538; x_wconf 92' lang='lat'>;</span> 
     </span>
     <span class='ocr_line' id='line_1_3' title="bbox 110 549 882 630; baseline 0 -19"><span class='ocrx_word' id='word_1_10' title='bbox 110 551 165 611; x_wconf 92' lang='lat' dir='ltr'><em>sed</em></span> <span class='ocrx_word' id='word_1_11' title='bbox 188 551 258 630; x_wconf 83' lang='lat' dir='ltr'>quia</span> <span class='ocrx_word' id='word_1_12' title='bbox 279 554 373 611; x_wconf 83' lang='lat' dir='ltr'><em>multa</em></span> <span class='ocrx_word' id='word_1_13' title='bbox 395 551 451 612; x_wconf 91' lang='lat' dir='ltr'><em>sibi</em></span> <span class='ocrx_word' id='word_1_14' title='bbox 473 563 599 612; x_wconf 89' lang='lat' dir='ltr'><em>cernunt</em></span> <span class='ocrx_word' id='word_1_15' title='bbox 621 551 768 612; x_wconf 85' lang='lat' dir='ltr'><em>contraria</em></span> <span class='ocrx_word' id='word_1_16' title='bbox 790 549 882 611; x_wconf 84' lang='lat' dir='ltr'><em>mixta</em></span> 
     </span>
     <span class='ocr_line' id='line_1_4' title="bbox 110 639 898 718; baseline -0.003 -17"><span class='ocrx_word' id='word_1_17' title='bbox 110 651 142 701; x_wconf 90' lang='lat' dir='ltr'><em>et</em></span> <span class='ocrx_word' id='word_1_18' title='bbox 164 639 290 718; x_wconf 82' lang='lat' dir='ltr'><strong>fugitant</strong></span> <span class='ocrx_word' id='word_1_19' title='bbox 311 640 342 699; x_wconf 88' lang='lat' dir='ltr'><em>in</em></span> <span class='ocrx_word' id='word_1_20' title='bbox 366 642 454 702; x_wconf 87' lang='lat' dir='ltr'><em>rebus</em></span> <span class='ocrx_word' id='word_1_21' title='bbox 479 641 567 701; x_wconf 83' lang='lat' dir='ltr'>inane</span> <span class='ocrx_word' id='word_1_22' title='bbox 591 640 759 718; x_wconf 87' lang='lat' dir='ltr'>relinquere</span> <span class='ocrx_word' id='word_1_23' title='bbox 782 659 898 717; x_wconf 88' lang='lat' dir='ltr'>purum,</span> 
     </span>
    </p>
   </div>
   <div class='ocr_carea' id='block_1_3' title="bbox 99 904 565 3657">
    <p class='ocr_par' dir='ltr' id='par_1_3' title="bbox 106 904 561 1450">
     <span class='ocr_line' id='line_1_5' title="bbox 156 904 561 970; baseline 0 -16"><span class='ocrx_word' id='word_1_24' title='bbox 156 904 218 969; x_wconf 84' lang='lat'><strong>656.</strong></span> <span class='ocrx_word' id='word_1_25' title='bbox 243 905 351 967; x_wconf 82' lang='lat' dir='ltr'><em>rarique</em></span> <span class='ocrx_word' id='word_1_26' title='bbox 377 905 492 970; x_wconf 74' lang='lat' dir='ltr'><em>relinqui</em></span> <span class='ocrx_word' id='word_1_27' title='bbox 508 926 511 931; x_wconf 93' lang='lat'><em>·</em></span> <span class='ocrx_word' id='word_1_28' title='bbox 525 925 561 946; x_wconf 96' lang='lat'>=</span> 
     </span>
     <span class='ocr_line' id='line_1_6' title="bbox 107 975 559 1041; baseline 0.002 -16"><span class='ocrx_word' id='word_1_29' title='bbox 107 975 235 1041; x_wconf 84' lang='lat' dir='ltr'><em>rarefieri.</em></span> <span class='ocrx_word' id='word_1_30' title='bbox 272 975 394 1038; x_wconf 84' lang='lat' dir='ltr'><em>Relinqui</em></span> <span class='ocrx_word' id='word_1_31' title='bbox 432 976 559 1026; x_wconf 84' lang='lat' dir='ltr'><em>crediamo</em></span> 
     </span>
     <span class='ocr_line' id='line_1_7' title="bbox 107 1045 559 1111; baseline -0.002 -15"><span class='ocrx_word' id='word_1_32' title='bbox 107 1047 186 1096; x_wconf 82' lang='lat' dir='ltr'><em>abbia</em></span> <span class='ocrx_word' id='word_1_33' title='bbox 204 1045 249 1111; x_wconf 92' lang='lat' dir='ltr'><em>qui</em></span> <span class='ocrx_word' id='word_1_34' title='bbox 267 1045 286 1094; x_wconf 88' lang='lat' dir='ltr'><em>il</em></span> <span class='ocrx_word' id='word_1_35' title='bbox 305 1045 445 1096; x_wconf 86' lang='lat' dir='ltr'><em>medesimo</em></span> <span class='ocrx_word' id='word_1_36' title='bbox 464 1045 559 1110; x_wconf 85' lang='lat' dir='ltr'><em>signifi·</em></span> 
     </span>
     <span class='ocr_line' id='line_1_8' title="bbox 107 1116 558 1181; baseline -0.004 -13"><span class='ocrx_word' id='word_1_37' title='bbox 107 1125 166 1168; x_wconf 79' lang='lat' dir='ltr'><em>cato</em></span> <span class='ocrx_word' id='word_1_38' title='bbox 191 1117 238 1166; x_wconf 86' lang='lat' dir='ltr'><em>che</em></span> <span class='ocrx_word' id='word_1_39' title='bbox 262 1116 290 1165; x_wconf 94' lang='lat' dir='ltr'><em>in</em></span> <span class='ocrx_word' id='word_1_40' title='bbox 316 1127 382 1181; x_wconf 84' lang='lat'>513:</span> <span class='ocrx_word' id='word_1_41' title='bbox 413 1135 424 1160; x_wconf 78' lang='lat' dir='ltr'><em>e</em></span> <span class='ocrx_word' id='word_1_42' title='bbox 457 1119 481 1166; x_wconf 90' lang='lat' dir='ltr'><em>si</em></span> <span class='ocrx_word' id='word_1_43' title='bbox 506 1134 558 1166; x_wconf 85' lang='lat' dir='ltr'><em>non</em></span> 
     </span>
     <span class='ocr_line' id='line_1_9' title="bbox 107 1188 559 1254; baseline -0.002 -17"><span class='ocrx_word' id='word_1_44' title='bbox 107 1189 182 1254; x_wconf 86' lang='lat' dir='ltr'><em>quod</em></span> <span class='ocrx_word' id='word_1_45' title='bbox 195 1188 290 1236; x_wconf 78' lang='lat' dir='ltr'><em>cohibet</em></span> <span class='ocrx_word' id='word_1_46' title='bbox 307 1188 418 1236; x_wconf 85' lang='lat' dir='ltr'><em>solidum</em></span> <span class='ocrx_word' id='word_1_47' title='bbox 442 1195 559 1236; x_wconf 83' lang='lat' dir='ltr'><em>constare</em></span> 
     </span>
     <span class='ocr_line' id='line_1_10' title="bbox 106 1257 558 1323; baseline -0.005 -15"><span class='ocrx_word' id='word_1_48' title='bbox 106 1259 242 1322; x_wconf 82' lang='lat' dir='ltr'><em>relinquas</em></span> <span class='ocrx_word' id='word_1_49' title='bbox 268 1277 291 1307; x_wconf 74' lang='lat' dir='ltr'><em>s.</em></span> <span class='ocrx_word' id='word_1_50' title='bbox 315 1257 444 1323; x_wconf 85' lang='lat' dir='ltr'>Dunque:</span> <span class='ocrx_word' id='word_1_51' title='bbox 475 1277 486 1302; x_wconf 78' lang='grc' dir='ltr'>ι</span> <span class='ocrx_word' id='word_1_52' title='bbox 512 1274 558 1323; x_wconf 92' lang='lat' dir='ltr'><em>po·</em></span> 
     </span>
     <span class='ocr_line' id='line_1_11' title="bbox 107 1326 557 1378; baseline 0 0"><span class='ocrx_word' id='word_1_53' title='bbox 107 1326 148 1378; x_wconf 65' lang='lat' dir='ltr'><em>tri</em></span> <span class='ocrx_word' id='word_1_54' title='bbox 164 1329 319 1378; x_wconf 80' lang='lat' dir='ltr'><em>ammettersi</em></span> <span class='ocrx_word' id='word_1_55' title='bbox 341 1328 387 1377; x_wconf 85' lang='lat' dir='ltr'><em>che</em></span> <span class='ocrx_word' id='word_1_56' title='bbox 410 1329 432 1378; x_wconf 83' lang='lat' dir='ltr'><em>si</em></span> <span class='ocrx_word' id='word_1_57' title='bbox 450 1328 557 1378; x_wconf 83' lang='lat' dir='ltr'><em>rarefac-</em></span> 
     </span>
     <span class='ocr_line' id='line_1_12' title="bbox 108 1402 228 1450; baseline -0.017 0"><span class='ocrx_word' id='word_1_58' title='bbox 108 1402 185 1450; x_wconf 81' lang='lat' dir='ltr'><em>ciano</em></span> <span class='ocrx_word' id='word_1_59' title='bbox 206 1418 228 1448; x_wconf 72' lang='grc' dir='ltr'><em>ι.</em></span> 
     </span>
    </p>

    <p class='ocr_par' dir='ltr' id='par_1_4' title="bbox 104 1470 558 2171">
     <span class='ocr_line' id='line_1_13' title="bbox 143 1470 558 1534; baseline -0.002 -15"><span class='ocrx_word' id='word_1_60' title='bbox 143 1471 203 1534; x_wconf 82' lang='lat'><strong>657.</strong></span> <span class='ocrx_word' id='word_1_61' title='bbox 223 1470 323 1519; x_wconf 85' lang='lat' dir='ltr'><em>mixta:</em></span> <span class='ocrx_word' id='word_1_62' title='bbox 348 1471 357 1518; x_wconf 88' lang='lat' dir='ltr'><em>i</em></span> <span class='ocrx_word' id='word_1_63' title='bbox 375 1470 457 1519; x_wconf 88' lang='lat' dir='ltr'>codici</span> <span class='ocrx_word' id='word_1_64' title='bbox 479 1487 522 1518; x_wconf 91' lang='lat' dir='ltr'><em>mu</em></span> <span class='ocrx_word' id='word_1_65' title='bbox 541 1486 558 1518; x_wconf 91' lang='grc' dir='ltr'>ο</span> 
     </span>
     <span class='ocr_line' id='line_1_14' title="bbox 107 1541 558 1612; baseline -0.007 -21"><span class='ocrx_word' id='word_1_66' title='bbox 107 1557 195 1612; x_wconf 42' lang='lat' dir='ltr'><em>muse..</em></span> <span class='ocrx_word' id='word_1_67' title='bbox 206 1541 244 1590; x_wconf 91' lang='lat' dir='ltr'><em>Le</em></span> <span class='ocrx_word' id='word_1_68' title='bbox 257 1547 405 1604; x_wconf 85' lang='lat' dir='ltr'><em>congetture</em></span> <span class='ocrx_word' id='word_1_69' title='bbox 417 1556 481 1590; x_wconf 89' lang='lat' dir='ltr'><em>sono</em></span> <span class='ocrx_word' id='word_1_70' title='bbox 494 1541 558 1590; x_wconf 90' lang='lat' dir='ltr'><em>mol·</em></span> 
     </span>
     <span class='ocr_line' id='line_1_15' title="bbox 106 1609 558 1676; baseline -0.004 -14"><span class='ocrx_word' id='word_1_71' title='bbox 106 1612 224 1663; x_wconf 87' lang='lat' dir='ltr'>tissime:</span> <span class='ocrx_word' id='word_1_72' title='bbox 243 1619 363 1660; x_wconf 83' lang='lat' dir='ltr'><em>mussant</em></span> <span class='ocrx_word' id='word_1_73' title='bbox 379 1609 437 1676; x_wconf 89' lang='lat' dir='ltr'>(che</span> <span class='ocrx_word' id='word_1_74' title='bbox 455 1627 507 1660; x_wconf 89' lang='lat' dir='ltr'><em>non</em></span> <span class='ocrx_word' id='word_1_75' title='bbox 525 1613 558 1660; x_wconf 85' lang='lat' dir='ltr'><em>ha</em></span> 
     </span>
     <span class='ocr_line' id='line_1_16' title="bbox 105 1677 558 1746; baseline -0.002 -13"><span class='ocrx_word' id='word_1_76' title='bbox 105 1698 183 1734; x_wconf 85' lang='lat' dir='ltr'><em>senso</em></span> <span class='ocrx_word' id='word_1_77' title='bbox 206 1681 238 1732; x_wconf 86' lang='lat' dir='ltr'><em>ed</em></span> <span class='ocrx_word' id='word_1_78' title='bbox 258 1677 273 1730; x_wconf 75' lang='grc' dir='ltr'>ὲ</span> <span class='ocrx_word' id='word_1_79' title='bbox 298 1681 324 1730; x_wconf 90' lang='lat' dir='ltr'><em>in</em></span> <span class='ocrx_word' id='word_1_80' title='bbox 348 1698 384 1731; x_wconf 88' lang='lat' dir='ltr'><em>un</em></span> <span class='ocrx_word' id='word_1_81' title='bbox 408 1683 462 1732; x_wconf 88' lang='lat' dir='ltr'>cod.</span> <span class='ocrx_word' id='word_1_82' title='bbox 483 1682 558 1746; x_wconf 67' lang='lat' dir='ltr'><em>fios),</em></span> 
     </span>
     <span class='ocr_line' id='line_1_17' title="bbox 105 1753 557 1811; baseline -0.009 -7"><span class='ocrx_word' id='word_1_83' title='bbox 105 1756 196 1810; x_wconf 84' lang='lat' dir='ltr'><em>inesse,</em></span> <span class='ocrx_word' id='word_1_84' title='bbox 217 1753 301 1809; x_wconf 72' lang='lat' dir='ltr'><em>inulti,</em></span> <span class='ocrx_word' id='word_1_85' title='bbox 327 1753 441 1811; x_wconf 83' lang='lat' dir='ltr'><em>Memmi,</em></span> <span class='ocrx_word' id='word_1_86' title='bbox 464 1754 557 1810; x_wconf 88' lang='lat' dir='ltr'><em>adesse,</em></span> 
     </span>
     <span class='ocr_line' id='line_1_18' title="bbox 106 1824 558 1882; baseline -0.004 -8"><span class='ocrx_word' id='word_1_87' title='bbox 106 1825 241 1881; x_wconf 80' lang='lat' dir='ltr'><em>amussim,</em></span> <span class='ocrx_word' id='word_1_88' title='bbox 266 1839 383 1882; x_wconf 82' lang='lat' dir='ltr'><em>rursum,</em></span> <span class='ocrx_word' id='word_1_89' title='bbox 403 1826 482 1872; x_wconf 87' lang='lat' dir='ltr'><em>nasci.</em></span> <span class='ocrx_word' id='word_1_90' title='bbox 507 1824 558 1872; x_wconf 91' lang='lat' dir='ltr'><em>Noi</em></span> 
     </span>
     <span class='ocr_line' id='line_1_19' title="bbox 106 1895 557 1959; baseline -0.002 -15"><span class='ocrx_word' id='word_1_91' title='bbox 106 1895 243 1944; x_wconf 80' lang='lat' dir='ltr'><em>scriviamo</em></span> <span class='ocrx_word' id='word_1_92' title='bbox 268 1895 356 1944; x_wconf 76' lang='lat' dir='ltr'><em>mixta.</em></span> <span class='ocrx_word' id='word_1_93' title='bbox 382 1895 493 1944; x_wconf 84' lang='lat' dir='ltr'><em>Eraciito</em></span> <span class='ocrx_word' id='word_1_94' title='bbox 512 1911 557 1959; x_wconf 86' lang='lat' dir='ltr'><em>pa·</em></span> 
     </span>
     <span class='ocr_line' id='line_1_20' title="bbox 105 1965 558 2030; baseline -0.002 -15"><span class='ocrx_word' id='word_1_95' title='bbox 105 1981 236 2030; x_wconf 80' lang='lat' dir='ltr'><em>ragonava</em></span> <span class='ocrx_word' id='word_1_96' title='bbox 265 1965 284 2013; x_wconf 92' lang='lat' dir='ltr'><em>il</em></span> <span class='ocrx_word' id='word_1_97' title='bbox 321 1966 415 2014; x_wconf 90' lang='lat' dir='ltr'><em>mondo</em></span> <span class='ocrx_word' id='word_1_98' title='bbox 445 1965 477 2014; x_wconf 86' lang='lat' dir='ltr'><em>ad</em></span> <span class='ocrx_word' id='word_1_99' title='bbox 507 1981 558 2014; x_wconf 87' lang='lat' dir='ltr'><em>una</em></span> 
     </span>
     <span class='ocr_line' id='line_1_21' title="bbox 105 2031 557 2095; baseline 0.002 -10"><span class='ocrx_word' id='word_1_100' title='bbox 105 2037 234 2095; x_wconf 73' lang='lat' dir='ltr'><em>mixtura,</em></span> <span class='ocrx_word' id='word_1_101' title='bbox 254 2031 368 2085; x_wconf 81' lang='grc' dir='ltr'><strong><em>κυκεών.</em></strong></span> <span class='ocrx_word' id='word_1_102' title='bbox 386 2035 418 2086; x_wconf 86' lang='lat' dir='ltr'><em>V.</em></span> <span class='ocrx_word' id='word_1_103' title='bbox 438 2045 498 2086; x_wconf 82' lang='lat' dir='ltr'><em>nata</em></span> <span class='ocrx_word' id='word_1_104' title='bbox 519 2053 557 2086; x_wconf 85' lang='lat' dir='ltr'><em>se-</em></span> 
     </span>
     <span class='ocr_line' id='line_1_22' title="bbox 104 2112 211 2171; baseline -0.009 -16"><span class='ocrx_word' id='word_1_105' title='bbox 104 2112 211 2171; x_wconf 84' lang='lat' dir='ltr'><em>guente.</em></span> 
     </span>
    </p>

    <p class='ocr_par' dir='ltr' id='par_1_5' title="bbox 99 2174 557 3657">
     <span class='ocr_line' id='line_1_23' title="bbox 143 2174 557 2241; baseline 0 -15"><span class='ocrx_word' id='word_1_106' title='bbox 143 2174 237 2241; x_wconf 85' lang='lat'><strong>657-8.</strong></span> <span class='ocrx_word' id='word_1_107' title='bbox 262 2177 352 2240; x_wconf 84' lang='lat' dir='ltr'><em>Questi</em></span> <span class='ocrx_word' id='word_1_108' title='bbox 372 2177 442 2236; x_wconf 80' lang='lat' dir='ltr'><em>versi,</em></span> <span class='ocrx_word' id='word_1_109' title='bbox 463 2178 557 2228; x_wconf 87' lang='lat' dir='ltr'>credia·</span> 
     </span>
     <span class='ocr_line' id='line_1_24' title="bbox 104 2249 556 2313; baseline 0.004 -17"><span class='ocrx_word' id='word_1_110' title='bbox 104 2263 158 2306; x_wconf 79' lang='lat' dir='ltr'><em>mo,</em></span> <span class='ocrx_word' id='word_1_111' title='bbox 179 2263 232 2301; x_wconf 86' lang='lat' dir='ltr'><em>non</em></span> <span class='ocrx_word' id='word_1_112' title='bbox 254 2263 317 2296; x_wconf 87' lang='lat' dir='ltr'><em>sono</em></span> <span class='ocrx_word' id='word_1_113' title='bbox 343 2249 401 2296; x_wconf 85' lang='lat' dir='ltr'><em>stati</em></span> <span class='ocrx_word' id='word_1_114' title='bbox 424 2251 556 2313; x_wconf 83' lang='lat' dir='ltr'><em>compresi.</em></span> 
     </span>
     <span class='ocr_line' id='line_1_25' title="bbox 103 2317 556 2382; baseline 0.002 -15"><span class='ocrx_word' id='word_1_115' title='bbox 103 2319 135 2367; x_wconf 86' lang='lat' dir='ltr'><em>L&#39;</em></span> <span class='ocrx_word' id='word_1_116' title='bbox 146 2319 359 2382; x_wconf 73' lang='lat' dir='ltr'><em>interpretaione</em></span> <span class='ocrx_word' id='word_1_117' title='bbox 372 2319 418 2369; x_wconf 85' lang='lat' dir='ltr'><em>che</em></span> <span class='ocrx_word' id='word_1_118' title='bbox 437 2335 464 2368; x_wconf 88' lang='lat' dir='ltr'><em>se</em></span> <span class='ocrx_word' id='word_1_119' title='bbox 479 2335 511 2369; x_wconf 87' lang='lat' dir='ltr'><em>ne</em></span> <span class='ocrx_word' id='word_1_120' title='bbox 524 2317 556 2368; x_wconf 75' lang='lat' dir='ltr'><em>dis</em></span> 
     </span>
     <span class='ocr_line' id='line_1_26' title="bbox 104 2385 555 2453; baseline 0 -15"><span class='ocrx_word' id='word_1_121' title='bbox 104 2385 119 2438; x_wconf 77' lang='grc' dir='ltr'>ὲ</span> <span class='ocrx_word' id='word_1_122' title='bbox 150 2389 177 2437; x_wconf 83' lang='lat' dir='ltr'><em>la</em></span> <span class='ocrx_word' id='word_1_123' title='bbox 207 2396 345 2452; x_wconf 86' lang='lat' dir='ltr'><em>seguente:</em></span> <span class='ocrx_word' id='word_1_124' title='bbox 377 2389 414 2453; x_wconf 86' lang='lat' dir='ltr'><em>gli</em></span> <span class='ocrx_word' id='word_1_125' title='bbox 444 2390 555 2439; x_wconf 84' lang='lat' dir='ltr'><em>eraclitei</em></span> 
     </span>
     <span class='ocr_line' id='line_1_27' title="bbox 103 2459 555 2510; baseline 0 -2"><span class='ocrx_word' id='word_1_126' title='bbox 103 2459 235 2510; x_wconf 84' lang='lat' dir='ltr'><em>vedendo‘</em></span> <span class='ocrx_word' id='word_1_127' title='bbox 254 2461 300 2510; x_wconf 90' lang='lat' dir='ltr'><em>che</em></span> <span class='ocrx_word' id='word_1_128' title='bbox 330 2459 346 2508; x_wconf 85' lang='lat' dir='ltr'><em>l&#39;</em></span> <span class='ocrx_word' id='word_1_129' title='bbox 359 2467 506 2510; x_wconf 84' lang='lat' dir='ltr'><em>ammettere</em></span> <span class='ocrx_word' id='word_1_130' title='bbox 537 2462 555 2509; x_wconf 87' lang='lat' dir='ltr'><em>il</em></span> 
     </span>
     <span class='ocr_line' id='line_1_28' title="bbox 101 2526 556 2580; baseline 0.004 -2"><span class='ocrx_word' id='word_1_131' title='bbox 101 2539 185 2580; x_wconf 86' lang='lat' dir='ltr'>vuoto</span> <span class='ocrx_word' id='word_1_132' title='bbox 213 2530 280 2580; x_wconf 80' lang='lat' dir='ltr'>nelle</span> <span class='ocrx_word' id='word_1_133' title='bbox 305 2546 363 2579; x_wconf 88' lang='lat' dir='ltr'><em>cose</em></span> <span class='ocrx_word' id='word_1_134' title='bbox 390 2526 404 2578; x_wconf 75' lang='grc' dir='ltr'>ὲ</span> <span class='ocrx_word' id='word_1_135' title='bbox 430 2533 556 2580; x_wconf 82' lang='lat' dir='ltr'><em>contrario</em></span> 
     </span>
     <span class='ocr_line' id='line_1_29' title="bbox 102 2601 555 2667; baseline 0.002 -17"><span class='ocrx_word' id='word_1_136' title='bbox 102 2603 127 2650; x_wconf 83' lang='lat' dir='ltr'><em>ai</em></span> <span class='ocrx_word' id='word_1_137' title='bbox 140 2602 199 2650; x_wconf 85' lang='lat' dir='ltr'><em>loro</em></span> <span class='ocrx_word' id='word_1_138' title='bbox 211 2601 339 2666; x_wconf 79' lang='lat' dir='ltr'><em>principii,</em></span> <span class='ocrx_word' id='word_1_139' title='bbox 353 2601 481 2665; x_wconf 86' lang='lat' dir='ltr'><em>sfuggono</em></span> <span class='ocrx_word' id='word_1_140' title='bbox 494 2619 555 2667; x_wconf 89' lang='lat' dir='ltr'><em>que·</em></span> 
     </span>
     <span class='ocr_line' id='line_1_30' title="bbox 101 2670 555 2722; baseline -0.004 0"><span class='ocrx_word' id='word_1_141' title='bbox 101 2671 223 2722; x_wconf 81' lang='lat' dir='ltr'><em>st&#39;ardua</em></span> <span class='ocrx_word' id='word_1_142' title='bbox 240 2670 362 2722; x_wconf 57' lang='lat' dir='ltr'>difficolt&amp;</span> <span class='ocrx_word' id='word_1_143' title='bbox 377 2688 391 2721; x_wconf 88' lang='lat' dir='ltr'>e</span> <span class='ocrx_word' id='word_1_144' title='bbox 411 2681 555 2722; x_wconf 83' lang='lat' dir='ltr'><em>trascurano</em></span> 
     </span>
     <span class='ocr_line' id='line_1_31' title="bbox 101 2740 565 2793; baseline 0.002 -2"><span class='ocrx_word' id='word_1_145' title='bbox 101 2743 128 2792; x_wconf 87' lang='lat' dir='ltr'><em>ia</em></span> <span class='ocrx_word' id='word_1_146' title='bbox 155 2740 242 2793; x_wconf 72' lang='lat' dir='ltr'><em>veriti.</em></span> <span class='ocrx_word' id='word_1_147' title='bbox 271 2741 374 2792; x_wconf 73' lang='lat' dir='ltr'><em>Basteris</em></span> <span class='ocrx_word' id='word_1_148' title='bbox 401 2743 456 2792; x_wconf 88' lang='lat' dir='ltr'><em>solo</em></span> <span class='ocrx_word' id='word_1_149' title='bbox 480 2744 536 2792; x_wconf 84' lang='lat' dir='ltr'>ch’&#39;</span> <span class='ocrx_word' id='word_1_150' title='bbox 530 2759 565 2792; x_wconf 91' lang='lat'><em>10</em></span> 
     </span>
     <span class='ocr_line' id='line_1_32' title="bbox 102 2811 554 2878; baseline 0 -16"><span class='ocrx_word' id='word_1_151' title='bbox 102 2811 227 2866; x_wconf 81' lang='lat' dir='ltr'><em>domandi</em></span> <span class='ocrx_word' id='word_1_152' title='bbox 246 2814 321 2878; x_wconf 84' lang='lat' dir='ltr'>quale</span> <span class='ocrx_word' id='word_1_153' title='bbox 339 2815 376 2864; x_wconf 82' lang='lat' dir='ltr'><em>sia</em></span> <span class='ocrx_word' id='word_1_154' title='bbox 394 2814 419 2862; x_wconf 86' lang='lat' dir='ltr'><em>la</em></span> <span class='ocrx_word' id='word_1_155' title='bbox 437 2815 554 2862; x_wconf 82' lang='lat' dir='ltr'><em>contrad·</em></span> 
     </span>
     <span class='ocr_line' id='line_1_33' title="bbox 102 2884 555 2935; baseline 0.007 -3"><span class='ocrx_word' id='word_1_156' title='bbox 102 2884 207 2933; x_wconf 87' lang='lat' dir='ltr'><em>dizione</em></span> <span class='ocrx_word' id='word_1_157' title='bbox 226 2891 263 2932; x_wconf 83' lang='lat' dir='ltr'><em>tra</em></span> <span class='ocrx_word' id='word_1_158' title='bbox 282 2885 300 2932; x_wconf 89' lang='lat' dir='ltr'><em>il</em></span> <span class='ocrx_word' id='word_1_159' title='bbox 318 2885 420 2934; x_wconf 84' lang='lat' dir='ltr'><em>sistema</em></span> <span class='ocrx_word' id='word_1_160' title='bbox 437 2885 555 2935; x_wconf 79' lang='lat' dir='ltr'><em>eracliteo</em></span> 
     </span>
     <span class='ocr_line' id='line_1_34' title="bbox 101 2955 555 3005; baseline 0 0"><span class='ocrx_word' id='word_1_161' title='bbox 101 2971 116 3005; x_wconf 90' lang='lat' dir='ltr'>e</span> <span class='ocrx_word' id='word_1_162' title='bbox 138 2955 155 3003; x_wconf 89' lang='lat' dir='ltr'><em>l’</em></span> <span class='ocrx_word' id='word_1_163' title='bbox 170 2963 318 3005; x_wconf 86' lang='lat' dir='ltr'><em>ammettere</em></span> <span class='ocrx_word' id='word_1_164' title='bbox 342 2955 361 3003; x_wconf 82' lang='lat' dir='ltr'><em>il</em></span> <span class='ocrx_word' id='word_1_165' title='bbox 386 2963 462 3004; x_wconf 85' lang='lat' dir='ltr'><em>vuoto</em></span> <span class='ocrx_word' id='word_1_166' title='bbox 487 2956 555 3005; x_wconf 83' lang='lat' dir='ltr'>nelle</span> 
     </span>
     <span class='ocr_line' id='line_1_35' title="bbox 102 3026 555 3090; baseline -0.002 -15"><span class='ocrx_word' id='word_1_167' title='bbox 102 3041 173 3089; x_wconf 87' lang='lat' dir='ltr'><em>cose,</em></span> <span class='ocrx_word' id='word_1_168' title='bbox 193 3041 239 3090; x_wconf 89' lang='lat' dir='ltr'><em>per</em></span> <span class='ocrx_word' id='word_1_169' title='bbox 257 3027 297 3074; x_wconf 87' lang='lat' dir='ltr'><em>cui</em></span> <span class='ocrx_word' id='word_1_170' title='bbox 320 3026 357 3090; x_wconf 88' lang='lat' dir='ltr'><em>gli</em></span> <span class='ocrx_word' id='word_1_171' title='bbox 381 3027 491 3076; x_wconf 86' lang='lat' dir='ltr'><em>eraclitei</em></span> <span class='ocrx_word' id='word_1_172' title='bbox 510 3027 555 3074; x_wconf 92' lang='lat' dir='ltr'><em>do-</em></span> 
     </span>
     <span class='ocr_line' id='line_1_36' title="bbox 101 3099 554 3162; baseline 0 -18"><span class='ocrx_word' id='word_1_173' title='bbox 101 3111 204 3146; x_wconf 78' lang='lat' dir='ltr'>vevano</span> <span class='ocrx_word' id='word_1_174' title='bbox 223 3103 293 3144; x_wconf 80' lang='lat' dir='ltr'><em>tanto</em></span> <span class='ocrx_word' id='word_1_175' title='bbox 312 3106 406 3146; x_wconf 86' lang='lat' dir='ltr'><em>temere</em></span> <span class='ocrx_word' id='word_1_176' title='bbox 428 3099 554 3162; x_wconf 81' lang='lat' dir='ltr'><em>quest&#39;ar-</em></span> 
     </span>
     <span class='ocr_line' id='line_1_37' title="bbox 101 3164 555 3217; baseline 0 -1"><span class='ocrx_word' id='word_1_177' title='bbox 101 3167 155 3216; x_wconf 88' lang='lat' dir='ltr'><em>dua</em></span> <span class='ocrx_word' id='word_1_178' title='bbox 183 3164 315 3216; x_wconf 71' lang='lat' dir='ltr'>difficolm.</span> <span class='ocrx_word' id='word_1_179' title='bbox 348 3168 398 3216; x_wconf 91' lang='lat' dir='ltr'><em>Noi</em></span> <span class='ocrx_word' id='word_1_180' title='bbox 427 3169 555 3217; x_wconf 87' lang='lat' dir='ltr'><em>crediamo</em></span> 
     </span>
     <span class='ocr_line' id='line_1_38' title="bbox 101 3237 554 3288; baseline 0.002 -2"><span class='ocrx_word' id='word_1_181' title='bbox 101 3239 150 3288; x_wconf 84' lang='lat' dir='ltr'><em>che</em></span> <span class='ocrx_word' id='word_1_182' title='bbox 170 3237 189 3284; x_wconf 92' lang='lat' dir='ltr'><em>il</em></span> <span class='ocrx_word' id='word_1_183' title='bbox 208 3253 282 3286; x_wconf 88' lang='lat' dir='ltr'><em>senso</em></span> <span class='ocrx_word' id='word_1_184' title='bbox 296 3239 332 3287; x_wconf 83' lang='lat' dir='ltr'><em>sia</em></span> <span class='ocrx_word' id='word_1_185' title='bbox 350 3239 401 3287; x_wconf 87' lang='lat' dir='ltr'><em>ben</em></span> <span class='ocrx_word' id='word_1_186' title='bbox 414 3239 486 3287; x_wconf 85' lang='lat' dir='ltr'><em>altro.</em></span> <span class='ocrx_word' id='word_1_187' title='bbox 506 3240 554 3287; x_wconf 88' lang='lat' dir='ltr'><em>Ba·</em></span> 
     </span>
     <span class='ocr_line' id='line_1_39' title="bbox 101 3305 554 3377; baseline 0 -19"><span class='ocrx_word' id='word_1_188' title='bbox 101 3305 171 3358; x_wconf 64' lang='lat' dir='ltr'><em>steri</em></span> <span class='ocrx_word' id='word_1_189' title='bbox 191 3324 298 3372; x_wconf 85' lang='lat' dir='ltr'><em>pensare</em></span> <span class='ocrx_word' id='word_1_190' title='bbox 311 3309 361 3357; x_wconf 84' lang='lat' dir='ltr'><em>alla</em></span> <span class='ocrx_word' id='word_1_191' title='bbox 374 3310 483 3377; x_wconf 68' lang='lat' dir='ltr'><em>dottrina</em></span> <span class='ocrx_word' id='word_1_192' title='bbox 502 3326 554 3359; x_wconf 83' lang='lat' dir='ltr'><em>era-</em></span> 
     </span>
     <span class='ocr_line' id='line_1_40' title="bbox 100 3378 555 3430; baseline 0 -2"><span class='ocrx_word' id='word_1_193' title='bbox 100 3380 180 3428; x_wconf 82' lang='lat' dir='ltr'><em>clitea</em></span> <span class='ocrx_word' id='word_1_194' title='bbox 198 3378 239 3428; x_wconf 85' lang='lat' dir='ltr'><em>dei</em></span> <span class='ocrx_word' id='word_1_195' title='bbox 263 3381 391 3430; x_wconf 86' lang='lat' dir='ltr'><em>contrarii.</em></span> <span class='ocrx_word' id='word_1_196' title='bbox 415 3382 436 3429; x_wconf 90' lang='lat' dir='ltr'>E</span> <span class='ocrx_word' id='word_1_197' title='bbox 454 3381 479 3429; x_wconf 86' lang='lat' dir='ltr'><em>la</em></span> <span class='ocrx_word' id='word_1_198' title='bbox 497 3381 555 3429; x_wconf 89' lang='lat' dir='ltr'><em>dat·</em></span> 
     </span>
     <span class='ocr_line' id='line_1_41' title="bbox 100 3451 554 3502; baseline 0.002 -3"><span class='ocrx_word' id='word_1_199' title='bbox 100 3451 171 3499; x_wconf 88' lang='lat' dir='ltr'><em>trina</em></span> <span class='ocrx_word' id='word_1_200' title='bbox 184 3466 265 3498; x_wconf 85' lang='lat' dir='ltr'><em>messa</em></span> <span class='ocrx_word' id='word_1_201' title='bbox 284 3451 311 3498; x_wconf 94' lang='lat' dir='ltr'><em>in</em></span> <span class='ocrx_word' id='word_1_202' title='bbox 329 3452 440 3502; x_wconf 85' lang='lat' dir='ltr'><em>burletta</em></span> <span class='ocrx_word' id='word_1_203' title='bbox 452 3452 484 3499; x_wconf 89' lang='lat' dir='ltr'><em>da</em></span> <span class='ocrx_word' id='word_1_204' title='bbox 502 3453 554 3502; x_wconf 91' lang='lat' dir='ltr'><em>Lu·</em></span> 
     </span>
     <span class='ocr_line' id='line_1_42' title="bbox 100 3521 554 3581; baseline 0.004 -11"><span class='ocrx_word' id='word_1_205' title='bbox 100 3521 187 3581; x_wconf 86' lang='lat' dir='ltr'><em>ciana,</em></span> <span class='ocrx_word' id='word_1_206' title='bbox 207 3521 254 3570; x_wconf 84' lang='lat' dir='ltr'><em>che</em></span> <span class='ocrx_word' id='word_1_207' title='bbox 273 3522 305 3570; x_wconf 81' lang='lat' dir='ltr'><em>ad</em></span> <span class='ocrx_word' id='word_1_208' title='bbox 323 3523 435 3572; x_wconf 83' lang='lat' dir='ltr'><em>Eraclito</em></span> <span class='ocrx_word' id='word_1_209' title='bbox 455 3522 483 3572; x_wconf 81' lang='lat' dir='ltr'><em>ia</em></span> <span class='ocrx_word' id='word_1_210' title='bbox 501 3522 554 3572; x_wconf 90' lang='lat' dir='ltr'>dire</span> 
     </span>
     <span class='ocr_line' id='line_1_43' title="bbox 99 3589 555 3657; baseline 0.007 -18"><span class='ocrx_word' id='word_1_211' title='bbox 99 3590 174 3657; x_wconf 86' lang='lat' dir='ltr'><em>(Vit.</em></span> <span class='ocrx_word' id='word_1_212' title='bbox 202 3600 269 3642; x_wconf 85' lang='lat' dir='ltr'><em>auct.</em></span> <span class='ocrx_word' id='word_1_213' title='bbox 301 3591 359 3657; x_wconf 90' lang='lat'>14):</span> <span class='ocrx_word' id='word_1_214' title='bbox 388 3589 440 3642; x_wconf 79' lang='lat' dir='ltr'><em>iaso</em></span> <span class='ocrx_word' id='word_1_215' title='bbox 470 3589 555 3642; x_wconf 77' lang='grc' dir='ltr'><em>τωύτὸ</em></span> 
     </span>
    </p>
   </div>
   <div class='ocr_carea' id='block_1_4' title="bbox 99 3658 554 3730">
    <p class='ocr_par' dir='ltr' id='par_1_6' title="bbox 99 3658 554 3730">
     <span class='ocr_line' id='line_1_44' title="bbox 99 3658 554 3730; baseline 0.004 -18"><span class='ocrx_word' id='word_1_216' title='bbox 99 3658 198 3728; x_wconf 78' lang='grc' dir='ltr'><strong><em>τέρψις</em></strong></span> <span class='ocrx_word' id='word_1_217' title='bbox 216 3658 337 3728; x_wconf 79' lang='grc' dir='ltr'><strong><em>ἀτερψίη,</em></strong></span> <span class='ocrx_word' id='word_1_218' title='bbox 356 3667 449 3730; x_wconf 79' lang='grc' dir='ltr'><strong><em>γνῶσις</em></strong></span> <span class='ocrx_word' id='word_1_219' title='bbox 470 3661 554 3730; x_wconf 80' lang='grc' dir='ltr'><em>ἀγνω-</em></span> 
     </span>
    </p>
   </div>
   <div class='ocr_carea' id='block_1_5' title="bbox 604 901 1063 970">
    <p class='ocr_par' dir='ltr' id='par_1_7' title="bbox 604 901 1063 970">
     <span class='ocr_line' id='line_1_45' title="bbox 604 901 1063 970; baseline 0.002 -16"><span class='ocrx_word' id='word_1_220' title='bbox 604 903 665 969; x_wconf 71' lang='grc' dir='ltr'><em>σίη,</em></span> <span class='ocrx_word' id='word_1_221' title='bbox 684 901 750 969; x_wconf 82' lang='grc' dir='ltr'><em>μέγα</em></span> <span class='ocrx_word' id='word_1_222' title='bbox 772 901 876 970; x_wconf 78' lang='grc' dir='ltr'><strong><em>μικρόν,</em></strong></span> <span class='ocrx_word' id='word_1_223' title='bbox 896 901 952 954; x_wconf 82' lang='grc' dir='ltr'><em>ἅνω</em></span> <span class='ocrx_word' id='word_1_224' title='bbox 981 901 1063 967; x_wconf 74' lang='grc' dir='ltr'><strong><em>κάτω,</em></strong></span> 
     </span>
    </p>
   </div>
   <div class='ocr_carea' id='block_1_6' title="bbox 607 971 1064 3726">
    <p class='ocr_par' dir='ltr' id='par_1_8' title="bbox 607 971 1064 3726">
     <span class='ocr_line' id='line_1_46' title="bbox 613 971 1064 1040; baseline 0.009 -16"><span class='ocrx_word' id='word_1_225' title='bbox 613 973 821 1039; x_wconf 80' lang='grc' dir='ltr'><strong><em>περιχωρέοντα·</em></strong></span> <span class='ocrx_word' id='word_1_226' title='bbox 834 971 879 1024; x_wconf 84' lang='grc' dir='ltr'><em>καὶ</em></span> <span class='ocrx_word' id='word_1_227' title='bbox 905 971 1064 1040; x_wconf 75' lang='grc' dir='ltr'><em>ἀμειβόμενα</em></span> 
     </span>
     <span class='ocr_line' id='line_1_47' title="bbox 612 1042 1063 1111; baseline 0.005 -16"><span class='ocrx_word' id='word_1_228' title='bbox 612 1042 641 1096; x_wconf 79' lang='grc' dir='ltr'><em>ἔν</em></span> <span class='ocrx_word' id='word_1_229' title='bbox 660 1051 692 1110; x_wconf 83' lang='grc' dir='ltr'><em>τῇ</em></span> <span class='ocrx_word' id='word_1_230' title='bbox 712 1049 757 1096; x_wconf 82' lang='grc' dir='ltr'><em>τοῦ</em></span> <span class='ocrx_word' id='word_1_231' title='bbox 777 1043 873 1101; x_wconf 85' lang='grc' dir='ltr'><strong><em>αἰῶνος</em></strong></span> <span class='ocrx_word' id='word_1_232' title='bbox 892 1044 990 1111; x_wconf 79' lang='grc' dir='ltr'><em>παιδιῇ.</em></span> <span class='ocrx_word' id='word_1_233' title='bbox 1010 1047 1063 1100; x_wconf 79' lang='lat' dir='ltr'><em>etr.</em></span> 
     </span>
     <span class='ocr_line' id='line_1_48' title="bbox 613 1117 1062 1184; baseline 0.005 -18"><span class='ocrx_word' id='word_1_234' title='bbox 613 1133 677 1182; x_wconf 87' lang='lat' dir='ltr'>pure</span> <span class='ocrx_word' id='word_1_235' title='bbox 705 1119 724 1166; x_wconf 94' lang='lat' dir='ltr'><em>il</em></span> <span class='ocrx_word' id='word_1_236' title='bbox 752 1118 852 1168; x_wconf 80' lang='lat' dir='ltr'><em>framm.</em></span> <span class='ocrx_word' id='word_1_237' title='bbox 878 1117 997 1168; x_wconf 86' lang='lat' dir='ltr'><em>eracliteo</em></span> <span class='ocrx_word' id='word_1_238' title='bbox 1024 1136 1062 1184; x_wconf 88' lang='lat' dir='ltr'><em>pr.</em></span> 
     </span>
     <span class='ocr_line' id='line_1_49' title="bbox 612 1184 1062 1254; baseline 0.004 -18"><span class='ocrx_word' id='word_1_239' title='bbox 612 1188 720 1253; x_wconf 84' lang='lat' dir='ltr'><em>Hippoi.</em></span> <span class='ocrx_word' id='word_1_240' title='bbox 738 1188 783 1246; x_wconf 88' lang='lat' dir='ltr'><em>IX,</em></span> <span class='ocrx_word' id='word_1_241' title='bbox 801 1201 848 1238; x_wconf 86' lang='lat'><em>10:</em></span> <span class='ocrx_word' id='word_1_242' title='bbox 868 1184 884 1236; x_wconf 81' lang='grc' dir='ltr'><em>ὅ</em></span> <span class='ocrx_word' id='word_1_243' title='bbox 896 1184 993 1243; x_wconf 71' lang='grc' dir='ltr'><em>θεὸς”</em></span> <span class='ocrx_word' id='word_1_244' title='bbox 976 1185 1062 1254; x_wconf 84' lang='grc' dir='ltr'><strong><em>ημὲρη</em></strong></span> 
     </span>
     <span class='ocr_line' id='line_1_50' title="bbox 611 1255 1063 1333; baseline 0.005 -25"><span class='ocrx_word' id='word_1_245' title='bbox 611 1255 736 1333; x_wconf 79' lang='grc' dir='ltr'><strong><em>εὐφρόνη,</em></strong></span> <span class='ocrx_word' id='word_1_246' title='bbox 756 1255 857 1322; x_wconf 76' lang='grc' dir='ltr'><strong><em>χειμὼν</em></strong></span> <span class='ocrx_word' id='word_1_247' title='bbox 883 1255 970 1322; x_wconf 70' lang='grc' dir='ltr'><strong><em>θέρος,</em></strong></span> <span class='ocrx_word' id='word_1_248' title='bbox 988 1257 1063 1310; x_wconf 78' lang='lat' dir='ltr'><em>abis·</em></span> 
     </span>
     <span class='ocr_line' id='line_1_51' title="bbox 611 1326 1063 1394; baseline 0.002 -16"><span class='ocrx_word' id='word_1_249' title='bbox 611 1346 660 1392; x_wconf 88' lang='grc' dir='ltr'><em>μος</em></span> <span class='ocrx_word' id='word_1_250' title='bbox 685 1326 783 1394; x_wconf 79' lang='grc' dir='ltr'><strong><em>ειρήνη,</em></strong></span> <span class='ocrx_word' id='word_1_251' title='bbox 808 1329 888 1393; x_wconf 84' lang='grc' dir='ltr'><strong><em>κόρος</em></strong></span> <span class='ocrx_word' id='word_1_252' title='bbox 911 1327 993 1392; x_wconf 82' lang='grc' dir='ltr'><strong><em>λιμός,</em></strong></span> <span class='ocrx_word' id='word_1_253' title='bbox 1020 1327 1063 1380; x_wconf 80' lang='lat' dir='ltr'><em>soi-</em></span> 
     </span>
     <span class='ocr_line' id='line_1_52' title="bbox 611 1397 1061 1465; baseline 0.007 -16"><span class='ocrx_word' id='word_1_254' title='bbox 611 1399 698 1450; x_wconf 77' lang='lat' dir='ltr'><em>oaosia</em></span> <span class='ocrx_word' id='word_1_255' title='bbox 722 1397 822 1450; x_wconf 81' lang='grc' dir='ltr'><strong><em>ἅπαντα</em></strong></span> <span class='ocrx_word' id='word_1_256' title='bbox 846 1401 888 1460; x_wconf 80' lang='lat' dir='ltr'><strong>(fr.</strong></span> <span class='ocrx_word' id='word_1_257' title='bbox 908 1402 940 1463; x_wconf 87' lang='lat'><em>67</em></span> <span class='ocrx_word' id='word_1_258' title='bbox 967 1402 1028 1452; x_wconf 85' lang='lat' dir='ltr'><em>Diei</em></span> <span class='ocrx_word' id='word_1_259' title='bbox 1029 1402 1061 1465; x_wconf 89' lang='lat' dir='ltr'><em>s.)</em></span> 
     </span>
     <span class='ocr_line' id='line_1_53' title="bbox 611 1471 1062 1536; baseline 0.007 -16"><span class='ocrx_word' id='word_1_260' title='bbox 611 1472 676 1520; x_wconf 83' lang='lat' dir='ltr'>Dice</span> <span class='ocrx_word' id='word_1_261' title='bbox 695 1471 799 1536; x_wconf 84' lang='lat' dir='ltr'>dunque</span> <span class='ocrx_word' id='word_1_262' title='bbox 817 1472 957 1521; x_wconf 87' lang='lat' dir='ltr'>Lucrezi0:</span> <span class='ocrx_word' id='word_1_263' title='bbox 985 1473 1062 1522; x_wconf 83' lang='lat' dir='ltr'><em>stabi-</em></span> 
     </span>
     <span class='ocr_line' id='line_1_54' title="bbox 612 1542 1060 1594; baseline 0.007 -3"><span class='ocrx_word' id='word_1_264' title='bbox 612 1543 710 1592; x_wconf 90' lang='lat' dir='ltr'><em>liscono</em></span> <span class='ocrx_word' id='word_1_265' title='bbox 728 1542 771 1592; x_wconf 88' lang='lat' dir='ltr'><em>nel</em></span> <span class='ocrx_word' id='word_1_266' title='bbox 790 1542 884 1591; x_wconf 87' lang='lat' dir='ltr'><em>mondo</em></span> <span class='ocrx_word' id='word_1_267' title='bbox 903 1543 982 1593; x_wconf 87' lang='lat' dir='ltr'><em>molte</em></span> <span class='ocrx_word' id='word_1_268' title='bbox 1001 1559 1060 1594; x_wconf 87' lang='lat' dir='ltr'><em>cose</em></span> 
     </span>
     <span class='ocr_line' id='line_1_55' title="bbox 612 1613 1062 1678; baseline 0.004 -16"><span class='ocrx_word' id='word_1_269' title='bbox 612 1613 753 1674; x_wconf 80' lang='lat' dir='ltr'><em>eontrarie;</em></span> <span class='ocrx_word' id='word_1_270' title='bbox 782 1629 796 1662; x_wconf 83' lang='lat' dir='ltr'>e</span> <span class='ocrx_word' id='word_1_271' title='bbox 820 1613 864 1678; x_wconf 88' lang='lat' dir='ltr'><em>poi</em></span> <span class='ocrx_word' id='word_1_272' title='bbox 888 1613 1062 1664; x_wconf 82' lang='lat' dir='ltr'><em>dimenticano</em></span> 
     </span>
     <span class='ocr_line' id='line_1_56' title="bbox 612 1683 1062 1748; baseline 0.004 -16"><span class='ocrx_word' id='word_1_273' title='bbox 612 1685 638 1732; x_wconf 89' lang='lat' dir='ltr'><em>di</em></span> <span class='ocrx_word' id='word_1_274' title='bbox 657 1685 695 1732; x_wconf 86' lang='lat' dir='ltr'><em>far</em></span> <span class='ocrx_word' id='word_1_275' title='bbox 713 1684 760 1733; x_wconf 88' lang='lat' dir='ltr'><em>che</em></span> <span class='ocrx_word' id='word_1_276' title='bbox 778 1683 828 1732; x_wconf 87' lang='lat' dir='ltr'>alle</span> <span class='ocrx_word' id='word_1_277' title='bbox 846 1699 888 1732; x_wconf 88' lang='lat' dir='ltr'><em>res</em></span> <span class='ocrx_word' id='word_1_278' title='bbox 904 1684 1024 1748; x_wconf 78' lang='lat' dir='ltr'><em>risponda</em></span> <span class='ocrx_word' id='word_1_279' title='bbox 1042 1685 1062 1734; x_wconf 88' lang='lat' dir='ltr'><em>il</em></span> 
     </span>
     <span class='ocr_line' id='line_1_57' title="bbox 612 1751 1061 1818; baseline 0 -14"><span class='ocrx_word' id='word_1_280' title='bbox 612 1755 745 1818; x_wconf 77' lang='lat' dir='ltr'><em>contrario,</em></span> <span class='ocrx_word' id='word_1_281' title='bbox 760 1751 814 1804; x_wconf 72' lang='lat' dir='ltr'>cioe</span> <span class='ocrx_word' id='word_1_282' title='bbox 827 1754 845 1802; x_wconf 89' lang='grc'><em>1’</em></span> <span class='ocrx_word' id='word_1_283' title='bbox 855 1756 940 1804; x_wconf 89' lang='lat' dir='ltr'><em>inane.</em></span> <span class='ocrx_word' id='word_1_284' title='bbox 954 1752 992 1818; x_wconf 85' lang='lat' dir='ltr'><em>(si</em></span> <span class='ocrx_word' id='word_1_285' title='bbox 1005 1756 1061 1806; x_wconf 85' lang='lat' dir='ltr'><em>noti</em></span> 
     </span>
     <span class='ocr_line' id='line_1_58' title="bbox 611 1824 1059 1891; baseline 0.002 -17"><span class='ocrx_word' id='word_1_286' title='bbox 611 1841 699 1891; x_wconf 87' lang='lat' dir='ltr'><em>presso</em></span> <span class='ocrx_word' id='word_1_287' title='bbox 713 1825 857 1887; x_wconf 84' lang='lat' dir='ltr'>Aristotele,</span> <span class='ocrx_word' id='word_1_288' title='bbox 877 1824 940 1874; x_wconf 85' lang='lat' dir='ltr'><em>Met.</em></span> <span class='ocrx_word' id='word_1_289' title='bbox 955 1824 1000 1884; x_wconf 89' lang='lat' dir='ltr'><em>XI,</em></span> <span class='ocrx_word' id='word_1_290' title='bbox 1020 1840 1059 1885; x_wconf 82' lang='grc' dir='ltr'><em>ιο,</em></span> 
     </span>
     <span class='ocr_line' id='line_1_59' title="bbox 612 1895 1060 1960; baseline 0.002 -15"><span class='ocrx_word' id='word_1_291' title='bbox 612 1910 626 1960; x_wconf 87' lang='lat'>3</span> <span class='ocrx_word' id='word_1_292' title='bbox 647 1898 672 1945; x_wconf 87' lang='lat' dir='ltr'><em>la</em></span> <span class='ocrx_word' id='word_1_293' title='bbox 685 1896 764 1946; x_wconf 85' lang='lat' dir='ltr'><em>teoria</em></span> <span class='ocrx_word' id='word_1_294' title='bbox 782 1897 828 1945; x_wconf 84' lang='lat' dir='ltr'><em>che</em></span> <span class='ocrx_word' id='word_1_295' title='bbox 846 1895 872 1944; x_wconf 85' lang='lat' dir='ltr'><em>ia</em></span> <span class='ocrx_word' id='word_1_296' title='bbox 890 1896 994 1946; x_wconf 83' lang='lat' dir='ltr'><em>materia</em></span> <span class='ocrx_word' id='word_1_297' title='bbox 1008 1912 1060 1946; x_wconf 87' lang='lat' dir='ltr'><em>non</em></span> 
     </span>
     <span class='ocr_line' id='line_1_60' title="bbox 611 1966 1060 2031; baseline -0.002 -15"><span class='ocrx_word' id='word_1_298' title='bbox 611 1967 687 2016; x_wconf 83' lang='lat' dir='ltr'><em>abbia</em></span> <span class='ocrx_word' id='word_1_299' title='bbox 699 1966 845 2029; x_wconf 81' lang='lat' dir='ltr'>contrario).</span> <span class='ocrx_word' id='word_1_300' title='bbox 865 1967 1060 2031; x_wconf 85' lang='lat' dir='ltr'><em>Interpretiamo</em></span> 
     </span>
     <span class='ocr_line' id='line_1_61' title="bbox 612 2038 1061 2104; baseline 0.002 -17"><span class='ocrx_word' id='word_1_301' title='bbox 612 2039 702 2104; x_wconf 89' lang='lat' dir='ltr'>quindi</span> <span class='ocrx_word' id='word_1_302' title='bbox 715 2039 797 2086; x_wconf 88' lang='lat' dir='ltr'><em>muita</em></span> <span class='ocrx_word' id='word_1_303' title='bbox 810 2039 943 2086; x_wconf 85' lang='lat' dir='ltr'><em>contraria</em></span> <span class='ocrx_word' id='word_1_304' title='bbox 955 2038 1004 2087; x_wconf 91' lang='lat' dir='ltr'><em>sibi</em></span> <span class='ocrx_word' id='word_1_305' title='bbox 1014 2055 1061 2104; x_wconf 85' lang='lat' dir='ltr'><em>per</em></span> 
     </span>
     <span class='ocr_line' id='line_1_62' title="bbox 611 2109 1061 2170; baseline 0.002 -13"><span class='ocrx_word' id='word_1_306' title='bbox 611 2111 693 2158; x_wconf 88' lang='lat' dir='ltr'><em>multa</em></span> <span class='ocrx_word' id='word_1_307' title='bbox 703 2109 836 2158; x_wconf 87' lang='lat' dir='ltr'><em>contraria</em></span> <span class='ocrx_word' id='word_1_308' title='bbox 850 2109 917 2156; x_wconf 87' lang='lat' dir='ltr'><em>inter</em></span> <span class='ocrx_word' id='word_1_309' title='bbox 930 2124 962 2158; x_wconf 90' lang='lat' dir='ltr'><em>se.</em></span> <span class='ocrx_word' id='word_1_310' title='bbox 974 2109 1061 2170; x_wconf 85' lang='lat' dir='ltr'><strong>Quan-</strong></span> 
     </span>
     <span class='ocr_line' id='line_1_63' title="bbox 611 2179 1060 2244; baseline 0 -16"><span class='ocrx_word' id='word_1_311' title='bbox 611 2188 637 2229; x_wconf 91' lang='lat' dir='ltr'><em>to</em></span> <span class='ocrx_word' id='word_1_312' title='bbox 658 2180 682 2230; x_wconf 86' lang='lat' dir='ltr'><em>ai</em></span> <span class='ocrx_word' id='word_1_313' title='bbox 700 2179 823 2229; x_wconf 86' lang='lat' dir='ltr'><em>riflessivo</em></span> <span class='ocrx_word' id='word_1_314' title='bbox 842 2179 939 2228; x_wconf 83' lang='lat' dir='ltr'><em>riferito</em></span> <span class='ocrx_word' id='word_1_315' title='bbox 961 2179 1060 2244; x_wconf 85' lang='lat' dir='ltr'><em>ali’og-</em></span> 
     </span>
     <span class='ocr_line' id='line_1_64' title="bbox 610 2250 1060 2315; baseline -0.002 -14"><span class='ocrx_word' id='word_1_316' title='bbox 610 2259 688 2314; x_wconf 76' lang='lat' dir='ltr'><em>getto,</em></span> <span class='ocrx_word' id='word_1_317' title='bbox 717 2250 734 2298; x_wconf 84' lang='lat'><em>1’</em></span> <span class='ocrx_word' id='word_1_318' title='bbox 746 2265 791 2298; x_wconf 91' lang='lat' dir='ltr'><em>uso</em></span> <span class='ocrx_word' id='word_1_319' title='bbox 816 2265 868 2298; x_wconf 90' lang='lat' dir='ltr'><em>non</em></span> <span class='ocrx_word' id='word_1_320' title='bbox 887 2251 928 2301; x_wconf 81' lang='lat' dir='ltr'><em>¹ha</em></span> <span class='ocrx_word' id='word_1_321' title='bbox 951 2252 1060 2315; x_wconf 89' lang='lat' dir='ltr'><em>bisogno</em></span> 
     </span>
     <span class='ocr_line' id='line_1_65' title="bbox 610 2319 1059 2382; baseline 0.004 -12"><span class='ocrx_word' id='word_1_322' title='bbox 610 2323 636 2370; x_wconf 86' lang='lat' dir='ltr'><em>di</em></span> <span class='ocrx_word' id='word_1_323' title='bbox 649 2321 845 2370; x_wconf 85' lang='lat' dir='ltr'><em>dimostrazione</em></span> <span class='ocrx_word' id='word_1_324' title='bbox 854 2319 911 2382; x_wconf 81' lang='lat' dir='ltr'><strong>(cfr.</strong></span> <span class='ocrx_word' id='word_1_325' title='bbox 922 2321 974 2371; x_wconf 88' lang='lat' dir='ltr'>Cic.</span> <span class='ocrx_word' id='word_1_326' title='bbox 986 2323 1059 2374; x_wconf 86' lang='lat' dir='ltr'><em>Rosc.</em></span> 
     </span>
     <span class='ocr_line' id='line_1_66' title="bbox 613 2392 1060 2453; baseline 0.004 -13"><span class='ocrx_word' id='word_1_327' title='bbox 613 2392 679 2440; x_wconf 85' lang='lat' dir='ltr'><em>Com.</em></span> <span class='ocrx_word' id='word_1_328' title='bbox 700 2403 723 2453; x_wconf 85' lang='lat'><em>7,</em></span> <span class='ocrx_word' id='word_1_329' title='bbox 744 2404 794 2440; x_wconf 92' lang='lat'><em>20:</em></span> <span class='ocrx_word' id='word_1_330' title='bbox 816 2411 827 2434; x_wconf 77' lang='grc' dir='ltr'>ι</span> <span class='ocrx_word' id='word_1_331' title='bbox 849 2392 929 2439; x_wconf 84' lang='lat' dir='ltr'><em>vitam</em></span> <span class='ocrx_word' id='word_1_332' title='bbox 947 2393 1016 2440; x_wconf 89' lang='lat' dir='ltr'><em>inter</em></span> <span class='ocrx_word' id='word_1_333' title='bbox 1034 2409 1060 2442; x_wconf 86' lang='lat' dir='ltr'><em>se</em></span> 
     </span>
     <span class='ocr_line' id='line_1_67' title="bbox 611 2459 1058 2526; baseline 0 -16"><span class='ocrx_word' id='word_1_334' title='bbox 611 2463 747 2526; x_wconf 83' lang='lat' dir='ltr'><em>utriusque</em></span> <span class='ocrx_word' id='word_1_335' title='bbox 764 2461 879 2524; x_wconf 87' lang='lat' dir='ltr'><em>conserte</em></span> <span class='ocrx_word' id='word_1_336' title='bbox 900 2459 943 2524; x_wconf 82' lang='lat'><em>·);</em></span> <span class='ocrx_word' id='word_1_337' title='bbox 963 2470 1058 2526; x_wconf 86' lang='lat' dir='ltr'><em>quanto</em></span> 
     </span>
     <span class='ocr_line' id='line_1_68' title="bbox 609 2531 1059 2596; baseline 0.004 -16"><span class='ocrx_word' id='word_1_338' title='bbox 609 2533 633 2581; x_wconf 89' lang='lat' dir='ltr'><em>al</em></span> <span class='ocrx_word' id='word_1_339' title='bbox 652 2533 701 2580; x_wconf 85' lang='lat' dir='ltr'><em>sibi</em></span> <span class='ocrx_word' id='word_1_340' title='bbox 717 2547 762 2596; x_wconf 85' lang='lat' dir='ltr'><em>per</em></span> <span class='ocrx_word' id='word_1_341' title='bbox 780 2531 849 2579; x_wconf 82' lang='lat' dir='ltr'><em>inter</em></span> <span class='ocrx_word' id='word_1_342' title='bbox 867 2547 899 2588; x_wconf 86' lang='lat' dir='ltr'><em>se,</em></span> <span class='ocrx_word' id='word_1_343' title='bbox 920 2532 943 2580; x_wconf 90' lang='lat' dir='ltr'><em>ci</em></span> <span class='ocrx_word' id='word_1_344' title='bbox 959 2531 1059 2582; x_wconf 66' lang='lat' dir='ltr'><em>basteri</em></span> 
     </span>
     <span class='ocr_line' id='line_1_69' title="bbox 609 2600 1057 2666; baseline -0.005 -14"><span class='ocrx_word' id='word_1_345' title='bbox 609 2610 777 2652; x_wconf 85' lang='lat' dir='ltr'><em>rammentare</em></span> <span class='ocrx_word' id='word_1_346' title='bbox 802 2600 893 2650; x_wconf 87' lang='lat' dir='ltr'><em>Cesare</em></span> <span class='ocrx_word' id='word_1_347' title='bbox 918 2603 950 2652; x_wconf 87' lang='lat' dir='ltr'><em>B</em></span> <span class='ocrx_word' id='word_1_348' title='bbox 980 2603 1008 2652; x_wconf 86' lang='lat' dir='ltr'><em>G.</em></span> <span class='ocrx_word' id='word_1_349' title='bbox 1033 2615 1057 2666; x_wconf 84' lang='lat'><em>2,</em></span> 
     </span>
     <span class='ocr_line' id='line_1_70' title="bbox 610 2643 1059 2738; baseline -0.002 -16"><span class='ocrx_word' id='word_1_350' title='bbox 610 2683 650 2738; x_wconf 82' lang='lat'><em>25,</em></span> <span class='ocrx_word' id='word_1_351' title='bbox 668 2687 697 2722; x_wconf 89' lang='lat'><em>1:</em></span> <span class='ocrx_word' id='word_1_352' title='bbox 714 2693 726 2716; x_wconf 73' lang='grc' dir='ltr'><strong><em>ι</em></strong></span> <span class='ocrx_word' id='word_1_353' title='bbox 741 2673 869 2735; x_wconf 85' lang='lat' dir='ltr'><em>consertos</em></span> <span class='ocrx_word' id='word_1_354' title='bbox 882 2673 974 2720; x_wconf 81' lang='lat' dir='ltr'><em>milites</em></span> <span class='ocrx_word' id='word_1_355' title='bbox 993 2643 1059 2721; x_wconf 87' lang='lat' dir='ltr'><em>sibi</em></span> 
     </span>
     <span class='ocr_line' id='line_1_71' title="bbox 608 2683 1057 2824; baseline -0.005 -31"><span class='ocrx_word' id='word_1_356' title='bbox 608 2683 676 2808; x_wconf 58' lang='lat' dir='ltr'><em>ipssos</em></span> <span class='ocrx_word' id='word_1_357' title='bbox 695 2745 732 2792; x_wconf 82' lang='lat' dir='ltr'><em>ad</em></span> <span class='ocrx_word' id='word_1_358' title='bbox 746 2751 864 2824; x_wconf 78' lang='lat' dir='ltr'><em>pugnam</em></span> <span class='ocrx_word' id='word_1_359' title='bbox 883 2758 934 2790; x_wconf 91' lang='lat' dir='ltr'><em>esse</em></span> <span class='ocrx_word' id='word_1_360' title='bbox 952 2744 1057 2806; x_wconf 85' lang='lat' dir='ltr'><em>impedi-</em></span> 
     </span>
     <span class='ocr_line' id='line_1_72' title="bbox 609 2807 1058 2876; baseline -0.007 -13"><span class='ocrx_word' id='word_1_361' title='bbox 609 2823 692 2864; x_wconf 82' lang='lat' dir='ltr'><em>mento</em></span> <span class='ocrx_word' id='word_1_362' title='bbox 726 2833 738 2857; x_wconf 72' lang='lat' dir='ltr'><em>s</em></span> <span class='ocrx_word' id='word_1_363' title='bbox 770 2833 806 2854; x_wconf 88' lang='lat'>=</span> <span class='ocrx_word' id='word_1_364' title='bbox 835 2812 904 2861; x_wconf 88' lang='lat' dir='ltr'><em>inter</em></span> <span class='ocrx_word' id='word_1_365' title='bbox 934 2807 966 2862; x_wconf 72' lang='lat' dir='ltr'><em>sl</em></span> <span class='ocrx_word' id='word_1_366' title='bbox 989 2814 1058 2876; x_wconf 80' lang='lat' dir='ltr'><em>ipsos</em></span> 
     </span>
     <span class='ocr_line' id='line_1_73' title="bbox 611 2883 1056 2944; baseline -0.005 -11"><span class='ocrx_word' id='word_1_367' title='bbox 611 2905 622 2928; x_wconf 79' lang='grc' dir='ltr'>ι</span> <span class='ocrx_word' id='word_1_368' title='bbox 653 2886 731 2936; x_wconf 89' lang='lat' dir='ltr'>l&#39;uno</span> <span class='ocrx_word' id='word_1_369' title='bbox 759 2883 802 2934; x_wconf 86' lang='lat' dir='ltr'><em>all&#39;</em></span> <span class='ocrx_word' id='word_1_370' title='bbox 810 2883 916 2932; x_wconf 81' lang='lat' dir='ltr'><em>altro</em></span> <span class='ocrx_word' id='word_1_371' title='bbox 926 2885 1056 2944; x_wconf 89' lang='lat' dir='ltr'>;.Arn0b</span> 
     </span>
     <span class='ocr_line' id='line_1_74' title="bbox 608 2956 1057 3021; baseline -0.009 -15"><span class='ocrx_word' id='word_1_372' title='bbox 608 2959 675 3006; x_wconf 77' lang='lat' dir='ltr'><em>Aeo.</em></span> <span class='ocrx_word' id='word_1_373' title='bbox 701 2965 770 3021; x_wconf 78' lang='lat' dir='ltr'><em>gent.</em></span> <span class='ocrx_word' id='word_1_374' title='bbox 795 2956 837 3005; x_wconf 88' lang='lat'><em>11:</em></span> <span class='ocrx_word' id='word_1_375' title='bbox 867 2975 878 2998; x_wconf 76' lang='lat' dir='ltr'><em>c</em></span> <span class='ocrx_word' id='word_1_376' title='bbox 910 2971 962 3003; x_wconf 71' lang='lat' dir='ltr'><em>ueta</em></span> <span class='ocrx_word' id='word_1_377' title='bbox 990 2956 1057 3004; x_wconf 86' lang='lat' dir='ltr'><em>enim</em></span> 
     </span>
     <span class='ocr_line' id='line_1_75' title="bbox 608 3025 1060 3089; baseline -0.002 -14"><span class='ocrx_word' id='word_1_378' title='bbox 608 3043 686 3076; x_wconf 86' lang='lat' dir='ltr'><em>causa</em></span> <span class='ocrx_word' id='word_1_379' title='bbox 706 3043 746 3076; x_wconf 89' lang='lat' dir='ltr'><em>res</em></span> <span class='ocrx_word' id='word_1_380' title='bbox 766 3028 831 3074; x_wconf 86' lang='lat' dir='ltr'><em>duas</em></span> <span class='ocrx_word' id='word_1_381' title='bbox 850 3025 949 3089; x_wconf 81' lang='lat' dir='ltr'><em>efficere</em></span> <span class='ocrx_word' id='word_1_382' title='bbox 967 3042 997 3074; x_wconf 89' lang='lat' dir='ltr'><em>ac</em></span> <span class='ocrx_word' id='word_1_383' title='bbox 1009 3027 1060 3074; x_wconf 88' lang='lat' dir='ltr'><em>sibi</em></span> 
     </span>
     <span class='ocr_line' id='line_1_76' title="bbox 609 3097 1056 3160; baseline 0 -16"><span class='ocrx_word' id='word_1_384' title='bbox 609 3099 753 3146; x_wconf 86' lang='lat' dir='ltr'><em>contrarias</em></span> <span class='ocrx_word' id='word_1_385' title='bbox 776 3114 828 3146; x_wconf 85' lang='lat' dir='ltr'><em>non</em></span> <span class='ocrx_word' id='word_1_386' title='bbox 846 3105 931 3160; x_wconf 81' lang='lat' dir='ltr'><em>potest</em></span> <span class='ocrx_word' id='word_1_387' title='bbox 956 3116 977 3146; x_wconf 78' lang='lat' dir='ltr'><em>s,</em></span> <span class='ocrx_word' id='word_1_388' title='bbox 1004 3097 1056 3146; x_wconf 91' lang='lat' dir='ltr'><em>Uso</em></span> 
     </span>
     <span class='ocr_line' id='line_1_77' title="bbox 608 3167 1057 3232; baseline -0.004 -16"><span class='ocrx_word' id='word_1_389' title='bbox 608 3169 654 3218; x_wconf 89' lang='lat' dir='ltr'><em>che</em></span> <span class='ocrx_word' id='word_1_390' title='bbox 679 3185 721 3217; x_wconf 84' lang='lat' dir='ltr'><em>esa</em></span> <span class='ocrx_word' id='word_1_391' title='bbox 745 3167 812 3217; x_wconf 87' lang='lat' dir='ltr'><em>forse</em></span> <span class='ocrx_word' id='word_1_392' title='bbox 835 3167 965 3232; x_wconf 80' lang='lat' dir='ltr'>popolare,</span> <span class='ocrx_word' id='word_1_393' title='bbox 984 3182 1057 3215; x_wconf 89' lang='lat' dir='ltr'><em>come</em></span> 
     </span>
     <span class='ocr_line' id='line_1_78' title="bbox 607 3236 1056 3304; baseline -0.009 -16"><span class='ocrx_word' id='word_1_394' title='bbox 607 3240 629 3288; x_wconf 91' lang='lat' dir='ltr'><em>si</em></span> <span class='ocrx_word' id='word_1_395' title='bbox 652 3236 704 3304; x_wconf 75' lang='lat' dir='ltr'><em>pub</em></span> <span class='ocrx_word' id='word_1_396' title='bbox 726 3245 901 3302; x_wconf 84' lang='lat' dir='ltr'><em>argomentare</em></span> <span class='ocrx_word' id='word_1_397' title='bbox 925 3237 967 3285; x_wconf 89' lang='lat' dir='ltr'><em>dal</em></span> <span class='ocrx_word' id='word_1_398' title='bbox 992 3237 1056 3285; x_wconf 84' lang='lat' dir='ltr'><em>fatto</em></span> 
     </span>
     <span class='ocr_line' id='line_1_79' title="bbox 608 3307 1057 3372; baseline -0.004 -14"><span class='ocrx_word' id='word_1_399' title='bbox 608 3311 654 3361; x_wconf 91' lang='lat' dir='ltr'><em>che</em></span> <span class='ocrx_word' id='word_1_400' title='bbox 691 3309 782 3358; x_wconf 85' lang='lat' dir='ltr'><em>rimase</em></span> <span class='ocrx_word' id='word_1_401' title='bbox 818 3309 887 3358; x_wconf 84' lang='lat' dir='ltr'>nella</span> <span class='ocrx_word' id='word_1_402' title='bbox 924 3307 1035 3372; x_wconf 76' lang='lat' dir='ltr'><em>Vulgata</em></span> <span class='ocrx_word' id='word_1_403' title='bbox 1045 3326 1057 3364; x_wconf 83' lang='lat'><em>,·</em></span> 
     </span>
     <span class='ocr_line' id='line_1_80' title="bbox 607 3379 1055 3444; baseline -0.009 -15"><span class='ocrx_word' id='word_1_404' title='bbox 607 3381 652 3430; x_wconf 84' lang='lat' dir='ltr'><strong>cfr.</strong></span> <span class='ocrx_word' id='word_1_405' title='bbox 678 3381 749 3430; x_wconf 88' lang='lat' dir='ltr'><strong>Paul.</strong></span> <span class='ocrx_word' id='word_1_406' title='bbox 771 3380 824 3444; x_wconf 35' lang='lat' dir='ltr'><em>Col..</em></span> <span class='ocrx_word' id='word_1_407' title='bbox 850 3392 873 3442; x_wconf 86' lang='lat'><em>3,</em></span> <span class='ocrx_word' id='word_1_408' title='bbox 896 3390 943 3440; x_wconf 86' lang='lat'><em>13:</em></span> <span class='ocrx_word' id='word_1_409' title='bbox 971 3397 982 3422; x_wconf 74' lang='grc' dir='ltr'>ι</span> <span class='ocrx_word' id='word_1_410' title='bbox 1012 3379 1055 3425; x_wconf 83' lang='lat' dir='ltr'><em>do·</em></span> 
     </span>
     <span class='ocr_line' id='line_1_81' title="bbox 607 3448 1056 3513; baseline -0.009 -13"><span class='ocrx_word' id='word_1_411' title='bbox 607 3459 699 3500; x_wconf 84' lang='lat' dir='ltr'><em>nantes</em></span> <span class='ocrx_word' id='word_1_412' title='bbox 723 3453 844 3500; x_wconf 82' lang='lat' dir='ltr'><em>vobismet</em></span> <span class='ocrx_word' id='word_1_413' title='bbox 866 3449 930 3513; x_wconf 84' lang='lat' dir='ltr'><em>ipsis</em></span> <span class='ocrx_word' id='word_1_414' title='bbox 951 3466 962 3490; x_wconf 73' lang='lat'>¹</span> <span class='ocrx_word' id='word_1_415' title='bbox 985 3468 997 3491; x_wconf 76' lang='grc' dir='ltr'>ι</span> <span class='ocrx_word' id='word_1_416' title='bbox 1018 3448 1056 3512; x_wconf 83' lang='lat' dir='ltr'><em>gli</em></span> 
     </span>
     <span class='ocr_line' id='line_1_82' title="bbox 607 3519 1056 3585; baseline -0.004 -15"><span class='ocrx_word' id='word_1_417' title='bbox 607 3521 651 3571; x_wconf 89' lang='lat' dir='ltr'><em>uni</em></span> <span class='ocrx_word' id='word_1_418' title='bbox 670 3521 722 3585; x_wconf 81' lang='lat' dir='ltr'>agli</span> <span class='ocrx_word' id='word_1_419' title='bbox 740 3521 799 3570; x_wconf 87' lang='lat' dir='ltr'><em>altri</em></span> <span class='ocrx_word' id='word_1_420' title='bbox 821 3539 841 3580; x_wconf 80' lang='grc' dir='ltr'><em>ι,</em></span> <span class='ocrx_word' id='word_1_421' title='bbox 864 3519 1056 3568; x_wconf 81' lang='lat' dir='ltr'><em>‹scambievol-</em></span> 
     </span>
     <span class='ocr_line' id='line_1_83' title="bbox 608 3589 1055 3654; baseline -0.002 -13"><span class='ocrx_word' id='word_1_422' title='bbox 608 3599 693 3642; x_wconf 86' lang='lat' dir='ltr'><em>mente</em></span> <span class='ocrx_word' id='word_1_423' title='bbox 713 3611 744 3654; x_wconf 73' lang='grc' dir='ltr'><em>»ς</em></span> <span class='ocrx_word' id='word_1_424' title='bbox 765 3593 832 3641; x_wconf 88' lang='lat' dir='ltr'><em>Petr.</em></span> <span class='ocrx_word' id='word_1_425' title='bbox 854 3603 875 3653; x_wconf 88' lang='lat'><em>1,</em></span> <span class='ocrx_word' id='word_1_426' title='bbox 895 3603 920 3651; x_wconf 87' lang='lat'><em>4,</em></span> <span class='ocrx_word' id='word_1_427' title='bbox 939 3589 972 3640; x_wconf 89' lang='lat'><em>8:</em></span> <span class='ocrx_word' id='word_1_428' title='bbox 998 3607 1055 3640; x_wconf 78' lang='lat' dir='ltr'><em>nsu-</em></span> 
     </span>
     <span class='ocr_line' id='line_1_84' title="bbox 608 3661 1057 3726; baseline -0.009 -12"><span class='ocrx_word' id='word_1_429' title='bbox 608 3671 679 3714; x_wconf 87' lang='lat' dir='ltr'><em>tuam</em></span> <span class='ocrx_word' id='word_1_430' title='bbox 698 3664 726 3712; x_wconf 88' lang='lat' dir='ltr'><em>in</em></span> <span class='ocrx_word' id='word_1_431' title='bbox 745 3661 865 3711; x_wconf 83' lang='lat' dir='ltr'><em>vobismet</em></span> <span class='ocrx_word' id='word_1_432' title='bbox 881 3662 943 3726; x_wconf 82' lang='lat' dir='ltr'><em>ipsis</em></span> <span class='ocrx_word' id='word_1_433' title='bbox 962 3663 1057 3711; x_wconf 79' lang='lat' dir='ltr'><em>carito-</em></span> 
     </span>
    </p>
   </div>
   <div class='ocr_carea' id='block_1_7' title="bbox 916 3803 932 3852">
    <p class='ocr_par' dir='ltr' id='par_1_9' title="bbox 916 3803 932 3852">
     <span class='ocr_line' id='line_1_85' title="bbox 916 3803 932 3852; baseline 0 0"><span class='ocrx_word' id='word_1_434' title='bbox 916 3803 932 3852; x_wconf 92' lang='lat'><strong>9</strong></span> 
     </span>
    </p>
   </div>
   <div class='ocr_carea' id='block_1_8' title="bbox 0 0 1382 4294">
    <p class='ocr_par' dir='ltr' id='par_1_10' title="bbox 0 0 1382 4294">
     <span class='ocr_line' id='line_1_86' title="bbox 0 0 1382 4294; baseline 0 3"><span class='ocrx_word' id='word_1_435' title='bbox 0 0 1382 4294; x_wconf 95' lang='lat' dir='ltr'><em> </em></span> 
     </span>
    </p>
   </div>
  </div>
 </body>
</html>
