2756 4294
421 315 464 358 DE
487 313 597 358 RERUM
619 314 750 360 NATURA

105 443 137 504 in
160 441 239 502 saxis
262 462 298 504 ac
320 440 469 520 speluncis
491 451 650 520 permanat
671 459 815 520 aquarum

105 531 238 610 liquidus
263 551 349 592 umor
372 541 402 591 et
424 531 567 591 uberibus
581 532 662 593 fient
685 530 786 592 omnia
808 531 919 610 guttis3

105 619 230 699 dissipat
253 620 284 681 in
308 637 416 698 corpus
439 639 503 680 sese
526 619 614 681 cibus
636 640 726 682 omne
748 619 952 697 animantum
1002 637 1066 700 350

104 720 244 772 crescunt
265 711 385 770 arbusta
408 718 438 769 et
461 711 538 770 fetus
561 708 593 770 in
615 721 751 788 ternpore
773 711 911 783 fundunt,

105 800 189 876 quod
212 797 296 859 cibus
319 797 351 858 in
373 807 451 858 totas
474 818 568 876 usque
590 800 631 859 ab
653 797 804 860 radicibus
826 797 893 860 imis

105 908 160 966 per
182 898 305 948 truncos
326 908 362 948 ac
384 907 438 965 per
460 907 559 948 ramos
582 887 758 948 diffunditur
781 887 888 950 omnis.

105 977 184 1038 inter
207 987 308 1054 saepta
330 986 432 1037 meant
456 997 543 1038 voces
566 987 597 1037 et
619 978 718 1038 clausa
741 977 899 1038 domorum

104 1065 323 1140 transvolitant,
347 1064 475 1144 rigidum
499 1075 655 1144 permanat
676 1065 767 1144 frigus
789 1065 828 1126 ad
851 1085 926 1142 ossa,
1001 1084 1063 1146 355

105 1155 198 1232 quod,
220 1153 277 1214 nisi
292 1153 392 1215 inania
408 1154 475 1230 sint,
492 1173 552 1231 qua
567 1165 690 1232 possent
705 1175 831 1234 corpora
846 1171 985 1234 quaeque

105 1241 240 1317 transire,
265 1244 346 1304 haud
369 1245 428 1304 ulla
450 1243 514 1303 fieri
536 1242 651 1304 ratione
674 1243 800 1304 videres.

106 1331 238 1409 denique
261 1352 313 1394 cur
335 1331 407 1393 alias
429 1331 495 1392 aliis
516 1343 667 1412 praestare
688 1332 826 1393 videmus

105 1599 210 1650 Intanto
238 1599 298 1650 dall'
310 1607 413 1650 assunto
439 1598 487 1649 che
514 1599 559 1649 nel

104 1679 191 1721 nostro
205 1687 277 1721 verso
292 1683 342 1736 347
353 1670 558 1736 esplicitamente

105 1742 230 1804 dichiara,
250 1743 298 1792 che
316 1739 373 1792 cioe
391 1743 430 1791 sia
457 1743 559 1792 interno

105 1813 155 1862 alle
174 1829 234 1864 cose
263 1815 282 1862 il
308 1820 393 1874 vnoto,
413 1813 434 1863 si
461 1813 558 1863 deduce

104 1885 207 1934 novella
226 1885 356 1934 conferma
381 1883 421 1934 all'
434 1885 559 1950 interpre-

104 1955 205 2005 tazione
215 1956 263 2005 che
276 1953 333 2004 eda
346 1957 406 2006 dare
422 1956 447 2005 al
459 1972 483 2006 e.
497 1967 558 2018 330.

140 2039 201 2088 349.
220 2025 306 2090 flent:
333 2028 450 2077 evidente
475 2043 557 2077 corre·

103 2098 178 2148 zione
198 2099 283 2148 antica
302 2115 347 2162 per
358 2097 428 2163 fient
444 2099 487 2148 dei
512 2114 555 2148 co-

104 2169 163 2218 dici.
186 2195 216 2204 --
234 2170 333 2233 guttis:
352 2169 379 2218 in
397 2169 442 2231 vt,
463 2181 514 2234 943
531 2186 556 2219 e·

103 2240 198 2306 sprime
212 2241 239 2290 lo
249 2248 329 2290 stesso
340 2255 389 2290 con
400 2240 466 2290 irase
479 2257 556 2291 meno

104 2312 186 2361 ardita
197 2328 239 2360 rna
251 2309 296 2377 piir
306 2311 449 2376 ieggiadra:
459 2307 507 2377 [fit
518 2307 556 2376 ut]

102 2383 185 2446 guttis
203 2379 368 2431 manantibus
386 2383 490 2432 stillent.

141 2463 201 2517 350.
222 2455 331 2517 dissipat
348 2453 376 2503 in
395 2460 489 2517 corpus
507 2469 557 2504 sese

104 2525 174 2574 cibus
186 2541 274 2574 anam:
293 2525 338 2588 VI,
357 2527 409 2587 946
431 2545 443 2569 ι
459 2525 556 2576 diditur

103 2597 130 2644 in
147 2610 227 2645 aenas
245 2597 314 2645 cibus
326 2597 409 2645 amnis
424 2613 436 2638 ι
452 2594 483 2655 (il
497 2613 556 2646 con·

102 2667 188 2716 fronto
207 2667 248 2718 col
268 2674 354 2718 nostro
373 2683 449 2732 passo
461 2676 556 2718 mostra

104 2738 152 2788 che
165 2739 249 2787 omnis
267 2737 288 2788 si
304 2738 415 2788 riferisce
431 2756 446 2786 a
458 2735 556 2802 venas).

139 2821 154 2872 3
158 2819 172 2874 5
180 2821 201 2858 1.
204 2812 292 2873 fetus:
302 2825 348 2874 per
360 2829 372 2853 ε
386 2811 395 2859 i
405 2811 474 2860 irutti
487 2811 555 2876 degli

103 2881 185 2929 aiberi
207 2899 228 2943 ι,
248 2881 330 2930 anche
349 2882 392 2930 nel
412 2891 472 2946 253.

138 2959 199 3015 352.
219 2952 247 3000 in
266 2957 345 3000 tatas:
367 2949 427 3002 ‘cine
445 2952 555 3022 arbores,

102 3022 149 3072 che
176 3022 194 3072 s'
206 3023 299 3073 induce
326 3023 505 3074 dall'arbusta.
534 3027 556 3076 E

101 3093 234 3144 l'identico
261 3111 307 3146 uso
336 3095 378 3144 del
406 3110 478 3144 verso
508 3108 557 3160 190

102 3171 297 3228 crescentesque,
308 3165 356 3215 che
366 3182 429 3232 pure
440 3165 556 3217 incontra

100 3237 125 3286 le
144 3237 304 3302 ripugnanze
322 3237 349 3286 di
369 3238 440 3288 tanti.

137 3317 199 3372 354.
219 3309 287 3356 inter
319 3313 404 3372 saepta
431 3323 500 3358 eea:
530 3309 556 3356 lo

100 3387 183 3430 stesso
203 3387 354 3444 argomento
373 3387 446 3442 porta
466 3379 493 3428 in
510 3379 555 3438 VI,

101 3459 161 3514 951,
182 3452 307 3501 mutando
332 3451 506 3516 leggermente
531 3451 556 3500 le

99 3521 208 3586 parole:
229 3541 242 3564 ι
262 3529 310 3584 per
329 3523 455 3586 dissaepta
473 3523 556 3570 damo-

102 3609 162 3640 rnm
176 3608 255 3641 saxea
271 3607 342 3642 voces
357 3593 521 3642 Pervelitant
533 3611 554 3642 ι.

132 3673 191 3729 355.
200 3669 341 3728 permanat
346 3665 439 3728 frigus
447 3666 484 3712 ad
490 3681 557 3714 assa:

615 1605 706 1664 questo
725 1563 876 1664 argomento
894 1600 937 1649 nel
951 1601 1018 1652 libro
1030 1603 1067 1654 VI

615 1666 659 1728 c'e,
674 1685 716 1720 ma
735 1667 749 1720 ὲ
767 1670 953 1736 generalizzato
968 1688 1022 1722 non
1035 1673 1066 1722 ri·

613 1748 701 1792 stretto
720 1741 746 1791 al
764 1741 820 1791 solo
840 1757 919 1810 eorpo
932 1758 1067 1803 umano,e

613 1813 639 1862 la
658 1813 793 1862 menzione
811 1813 853 1862 del
873 1813 963 1864 freddo
975 1811 990 1864 ὲ
1003 1815 1066 1865 satta

613 1884 721 1934 insieme
741 1901 756 1932 a
774 1884 860 1949 quella
887 1885 929 1934 del
951 1885 1027 1936 caldo
1052 1902 1066 1936 e

613 1955 770 2006 dell'odore:
789 1955 835 2015 VI,
851 1963 1067 2021 952spermanat

612 2026 675 2075 adar
685 2026 826 2091 frigusque
845 2034 973 2092 vaposque
983 2027 1064 2092 Ignis,

612 2097 659 2161 qui
668 2097 743 2162 ferri
754 2113 852 2163 quoque
865 2099 918 2148 vim
927 2105 1066 2164 penetrare

611 2169 695 2216 sue'vs't
715 2186 737 2219 ι.

647 2239 739 2302 356-7.
758 2241 796 2290 Mi
823 2257 884 2306 pare
913 2242 1004 2292 inutile
1031 2243 1065 2293 ri·

611 2319 713 2376 portare
732 2311 741 2360 i
760 2312 834 2363 molti
864 2314 980 2364 tentativi
1008 2314 1065 2365 fatti

610 2398 657 2448 per
676 2391 774 2432 mutare
793 2400 809 2433 0
828 2385 1010 2450 interpungere
1027 2387 1065 2436 di·

610 2461 771 2504 versamente
789 2461 879 2520 questo
898 2455 986 2520 luogo.
1014 2457 1065 2506 Nei

611 2525 695 2574 codici
715 2525 734 2574 il
748 2541 823 2590 passo
835 2523 913 2575 tcosi
926 2527 1064 2590 riportato;

611 2593 731 2646 salvoche
749 2596 792 2646 nel
817 2593 862 2662 pii
882 2597 975 2656 antico,
996 2597 1064 2646 l'ob-

611 2667 702 2730 longus
731 2684 745 2716 e
768 2667 811 2716 nel
840 2667 1011 2734 Gottorpiano
1039 2670 1064 2719 al

611 2747 685 2804 posto
705 2738 747 2789 del
758 2738 824 2803 fieri
848 2736 861 2788 ὲ
887 2754 923 2788 un
941 2740 1065 2797 valerent,

611 2810 658 2860 che
677 2827 712 2860 un
731 2808 869 2860 correttore
887 2809 988 2862 sostitui
1001 2809 1064 2878 pero

611 2881 652 2930 col
662 2882 733 2945 fieri.
754 2882 881 2932 Potrebbe
909 2898 991 2932 essere
1015 2885 1063 2934 che

610 2953 629 3001 il
647 2951 764 3001 valerent
781 2953 848 3003 fosse
867 2953 1003 3018 legittimo,
1021 2973 1063 3006 ms

611 3031 740 3088 spostato;
760 3041 775 3072 e
793 3024 841 3074 che
860 3022 917 3074 cine
936 3025 956 3074 il
978 3026 1062 3092 primo

610 3111 682 3144 verso
724 3093 792 3146 fosse
835 3097 1062 3160 originariamente

610 3164 676 3216 cosi:
690 3167 769 3230 Quod,
783 3166 837 3216 nise·
847 3168 939 3216 inania
950 3167 1004 3216 sint
1013 3183 1064 3231 qua

610 3243 719 3300 corpora
743 3246 856 3302 quaeque
880 3239 1005 3288 valerent.
1024 3241 1062 3290 Le

610 3309 659 3358 due
687 3307 798 3358 lezioni:
822 3313 929 3373 possent
954 3316 1062 3372 corpora

610 3394 724 3444 quaeque
742 3395 757 3428 e
769 3388 880 3444 corpora
892 3394 1005 3444 quaeque
1018 3397 1063 3429 aa·

610 3451 691 3499 Ierent
716 3459 843 3516 potranno
868 3460 1062 3516 rappresentare

610 3521 690 3571 dubbt
708 3522 878 3572 ocorrezioni
898 3523 924 3571 di
937 3523 1062 3575 Lnerezio

609 3602 696 3652 stesso,
724 3609 807 3644 essere
838 3599 902 3644 state
931 3592 987 3644 cioe
1018 3611 1062 3645 en·

610 3665 708 3714 trambe
726 3665 770 3715 nei
789 3665 956 3715 manoseritto
984 3667 1062 3732 origi-

938 3788 955 3838 6
