2804 4294
1 2093 12 2124 μ

540 318 744 365 PREFAZlONE.
1102 322 1125 364 V

152 445 274 508 merarii
294 457 373 522 sunt,
393 465 454 525 quo
469 445 612 507 meliores
628 445 747 508 codices
763 445 830 521 sint,
847 463 885 505 ex
900 444 1009 523 quibus
1024 455 1124 507 textus

152 553 316 627 hauriatur,
343 572 380 614 eo
402 551 561 614 artioribus
586 552 698 614 finibus
722 555 883 614 verborum
907 553 1121 614 mutandorum

154 659 307 721 licentiam
332 657 547 720 continendam
571 679 646 722 esse.
671 663 773 738 Atque
796 657 959 719 Leidenses
982 658 1006 718 si
1021 661 1121 721 bonos

150 765 276 828 codices
293 764 394 827 dicere
410 786 473 826 non
488 766 608 840 audeaS,
628 765 699 826 mali
719 776 799 827 certe
815 785 878 826 non
895 777 965 826 sunt
984 789 1010 829 u.
1031 769 1120 840 Pure,

149 891 172 931 a
195 871 248 932 noi
273 873 394 932 sembro
416 873 474 933 che
497 859 594 933 anche
626 871 658 932 in
682 871 748 932 altri
771 871 850 950 passi
879 874 935 934 che
958 875 1078 934 all’uno
1101 893 1121 933 ο

149 980 203 1038 all’
212 980 290 1038 altro
315 977 365 1037 dei
388 977 463 1062 detti
486 978 595 1039 editori
619 980 812 1040 sembrarono
836 998 855 1039 o
878 977 1001 1040 monchi
1016 998 1035 1040 0
1051 999 1122 1056 spo-

153 1085 222 1146 stati
247 1104 266 1146 o
288 1083 418 1158 corrotti,
443 1083 486 1144 sia
504 1086 543 1146 da
559 1097 636 1146 stare
655 1087 714 1146 alla
736 1085 899 1147 tradicione
915 1085 1119 1148 manuscritta.

153 1194 211 1252 Per
233 1193 263 1251 le
287 1189 397 1251 notizie
427 1189 473 1250 sui
497 1189 606 1270 singoli
628 1192 733 1270 luoghi
763 1191 960 1253 rimandiamo
988 1195 1016 1252 al
1039 1211 1119 1254 com·

150 1306 280 1374 ment03
313 1295 365 1374 qui
388 1295 531 1357 facciamo
563 1297 679 1376 seguire
707 1318 749 1358 un
780 1301 872 1360 breve
904 1308 1059 1377 prospetto
1090 1297 1122 1359 di

153 1403 243 1482 passi,
269 1401 319 1464 nei
342 1401 424 1480 quali
454 1405 484 1464 la
512 1415 614 1464 nostra
645 1404 780 1466 edizione
803 1407 843 1465 ha
866 1407 993 1482 qualche
1025 1405 1122 1465 diver·

152 1530 249 1588 geuza
272 1530 291 1571 o
315 1509 365 1570 dai
388 1509 486 1572 codici
509 1531 528 1572 o
552 1512 632 1571 dalle
655 1511 783 1573 edizioni
806 1512 960 1590 maggiori.
986 1513 1022 1574 Ci
1044 1512 1120 1573 limi·

153 1616 249 1677 tiamo
279 1615 331 1693 qui
363 1636 382 1676 a
412 1635 545 1694 segnare,
575 1617 658 1695 dopo
682 1615 702 1676 il
734 1636 861 1677 numero
892 1618 942 1677 del
965 1637 1062 1694 verso,
1091 1621 1121 1679 la

150 1725 272 1786 lezione
297 1725 336 1785 da
359 1722 411 1784 noi
437 1723 551 1802 seguita
575 1744 592 1784 e
614 1726 714 1802 quella
736 1736 858 1803 segnata
887 1727 956 1785 nell’
971 1725 1120 1802 oblongus

149 1831 205 1911 (=
228 1832 270 1912 Ο)
297 1851 314 1892 e
337 1833 387 1890 nel
414 1831 592 1921 Quadrqtus
616 1829 665 1910 (=
687 1831 738 1912 Q).

201 1943 253 2000 66.
279 1941 395 1998 tendere
417 1935 426 2018 ]
451 1940 553 1997 tollere
576 1939 644 2014 OQ.

201 2048 253 2106 68.
270 2047 362 2123 fama
383 2042 393 2124 ]
417 2047 459 2104 sie
481 2045 549 2122 OQ.

205 2175 276 2214 121.
301 2155 391 2212 eidem
412 2150 421 2233 ]
446 2155 530 2212 edens
553 2154 621 2230 OQ.

204 2282 274 2321 122.
295 2258 523 2342 permaneant]
548 2263 590 2320 sic
613 2259 679 2337 OQ.

204 2387 275 2444 130.
300 2365 393 2447 tum]
418 2378 486 2426 tunc
513 2367 582 2442 OQ.

205 2495 275 2546 141.
299 2475 427 2552 sufferre
448 2469 456 2552 ]
481 2475 587 2550 efferre
611 2473 678 2548 OQ.

204 2595 276 2656 175.
299 2575 395 2658 uuus]
413 2581 485 2638 uites
502 2576 570 2655 OQ.
589 2579 669 2638 [suas
684 2581 888 2656 econgettura
903 2578 953 2638 del
969 2581 1117 2654 Pontano,

147 2689 211 2748 che
227 2706 281 2764 par
296 2683 463 2747 necessaria
477 2705 531 2762 per
546 2685 567 2744 il
583 2705 671 2746 senso
687 2683 750 2764 (cfr.
767 2687 874 2763 fundi,
891 2704 954 2745 non
960 2685 1118 2766 fundere).

203 2814 275 2872 190.
300 2800 510 2869 crescentesque
532 2789 541 2872 ]
565 2795 608 2852 sic
630 2793 699 2869 OQ.

202 2917 275 2978 ²15·
300 2897 453 2979 quicque]
477 2901 622 2976 quicquid
640 2901 710 2976 OQ.

202 3026 273 3084 271.
292 3013 416 3088 pentum
440 3004 449 3087 ]
473 3015 573 3065 certus
595 3006 663 3083 OQ.

199 3117 275 3188 276.
299 3120 401 3172 uentus
422 3109 431 3191 ]
450 3115 572 3192 pentus'
586 3114 656 3189 OQ.

199 3221 275 3282 282.
299 3239 416 3296 quem...
438 3227 526 3294 urget
545 3217 555 3299 ]
580 3240 662 3296 quem
678 3227 785 3294 aurget
800 3220 836 3292 Ο,
854 3239 937 3296 quem
954 3222 1055 3294 uirget
1075 3219 1118 3294 Q.

199 3331 275 3405 289.
299 3327 448 3404 ruitque
470 3323 646 3405 quidquid]
671 3328 711 3385 sic
735 3327 804 3402 OQ.

201 3437 275 3510 306.
299 3429 466 3512 candenti]
491 3435 648 3513 dispansae
671 3433 740 3508 OQ.

199 3555 273 3616 315·
293 3541 462 3620 praeclusit
482 3542 602 3619 speciem
625 3537 634 3620 ]
659 3544 700 3600 sic
722 3539 791 3615 OQ.

198 3661 274 3722 347.
300 3643 397 3726 licet]
422 3647 523 3705 liceret
545 3646 613 3722 OQ.
