2756 4294
473 325 515 366 DE
540 322 649 366 RERUM
672 324 813 373 NATURA.
834 369 836 372 ,

444 397 451 418 ¹.

1056 327 1119 384 107

155 471 214 513 nec
237 471 284 513 res
307 455 368 512 ulla
390 461 490 529 potest
513 470 582 510 vera
604 449 718 512 ratione
741 452 861 530 probari

156 561 282 618 corpore
306 542 397 601 inane
420 559 474 600 suo
498 543 594 600 celare
617 550 707 617 atque
730 539 809 601 intus
832 543 953 622 habere,

156 629 182 689 si
205 649 277 702 non,
302 631 385 707 quod
408 628 539 703 cohibet,
564 628 693 689 solidum
709 639 844 690 constare
860 629 1026 708 relinquas:
1053 647 1118 708 515

155 717 188 778 id
211 738 301 796 porro
325 718 368 778 nil
391 737 454 778 esse
478 727 577 794 potest
600 717 656 777 nisi
679 717 812 777 materiai

157 807 327 878 concilium,
353 810 435 884 quod
460 805 548 864 inane
572 816 662 883 queat
684 827 782 866 rerum
806 805 958 869 cohibere.

155 896 295 956 materies
317 895 414 973 igitur,
439 894 536 955 solido
559 914 637 972 quae
659 915 784 974 corpore
808 905 932 970 constat,

155 1175 297 1241 τμηθῆναι,
318 1173 411 1242 ἀπαθῆ
429 1175 491 1227 ὄντα
515 1175 563 1228 παὶ
581 1175 609 1228 ἇ-

154 1246 254 1313 μέτοχα
274 1253 361 1320 xcvo}
383 1249 461 1300 Arist.
488 1251 528 1299 De
551 1266 608 1315 gen.

156 1327 182 1368 et
199 1328 315 1384 corrupt.
335 1321 354 1378 Ι,
370 1319 393 1379 8,
410 1334 458 1380 14:
482 1317 541 1370 οὔτε
559 1317 608 1385 γὰρ

155 1388 286 1455 μανότερα
306 1388 365 1439 οὔτε
388 1392 535 1454 πυκνότερα
554 1389 610 1440 οἶόν

156 1479 184 1510 τε
213 1459 331 1524 γίνεσθαι
359 1467 437 1511 κενοῦ
467 1457 505 1526 μὴ
537 1459 610 1518 ὄντος

156 1528 256 1588 ἕντοῖς
276 1529 439 1596 ἀδιαιρέτοις.
454 1533 545 1582 Strano
564 1535 610 1584 che

156 1604 176 1652 11
193 1604 341 1668 Woltjer,
360 1605 440 1654 Lucr.
455 1605 608 1669 philosoph„

156 1691 181 1740 p.
203 1688 237 1736 23
257 1684 377 1739 sostenga
395 1675 443 1724 che
467 1677 551 1740 questi
570 1691 609 1724 ar-

158 1747 275 1810 gomenti
301 1761 353 1794 non
378 1761 488 1811 possono
513 1747 610 1796 risalire

157 1818 190 1866 ad
219 1818 340 1882 Epicuro,
369 1833 457 1884 presso
488 1817 507 1867 il
534 1818 610 1882 quale

157 1903 235 1954 corpo
261 1904 275 1936 e
300 1895 378 1937 vuoto
402 1903 453 1936 non
480 1888 501 1936 si
529 1889 610 1938 esclu-

156 1959 233 2008 dono.
253 1959 297 2007 Ma
325 1959 405 2008 anche
429 1975 475 2023 per
498 1959 611 2025 Epicuro

156 2029 177 2078 il
195 2037 274 2078 vuoto
294 2023 308 2076 ὲ
328 2045 363 2078 un
385 2028 450 2078 καθ’
468 2027 549 2079 adzo:
573 2047 612 2095 pr.

156 2101 235 2164 Diog.
267 2101 296 2150 L.
325 2101 356 2163 X,
389 2101 421 2163 67
451 2097 516 2150 καθ’
536 2097 612 2152 ἑαυτὸ

157 2167 187 2220 δὲ
216 2168 267 2221 οὐκ
293 2169 345 2220 ἔστι
369 2176 462 2234 νοῆσαι
488 2168 517 2220 τὸ
542 2169 612 2222 ἀσώ-

155 2258 238 2303 ματον
268 2239 337 2306 πλὴν
367 2239 409 2290 ἐπὶ
446 2247 491 2292 τοῦ
524 2247 611 2294 κενοῦ.

156 2313 224 2364 Vedi
245 2321 305 2362 nota
325 2331 339 2362 a
358 2329 430 2363 verso
450 2314 510 2378 506.

195 2385 286 2450 516-7,
307 2385 474 2450 Espressione
500 2385 612 2434 tecnica·

162 2464 249 2507 mente
263 2471 329 2522 poco
342 2463 430 2522 esatta.
444 2455 520 2505 Nella
534 2457 612 2506 teoria

160 2528 287 2594 epicurea,
314 2527 351 2590 gli
376 2528 455 2576 atomi
477 2527 523 2576 che
548 2543 612 2575 sono

157 2599 185 2647 in
207 2613 244 2646 un
273 2613 350 2662 corpo
378 2615 430 2646 non
456 2598 477 2646 si
505 2605 612 2647 toccano

158 2685 204 2736 per
223 2669 300 2718 modo
320 2670 352 2717 da
371 2669 480 2718 formare
506 2669 612 2718 materia

157 2747 305 2805 compatta:
329 2737 342 2787 ὲ
361 2741 469 2788 inesatto
483 2739 573 2805 quindi
592 2740 611 2788 il

156 2811 212 2860 dire
243 2811 289 2860 che
308 2827 359 2859 ·nn
391 2811 445 2860 loro
476 2811 611 2859 concilium

156 2882 250 2931 chiuda
268 2882 287 2930 il
306 2890 400 2942 vuoto;
420 2881 438 2930 il
460 2888 537 2930 vuoto
550 2879 609 2932 avrd

158 2953 191 3001 da
210 2952 272 3016 ogni
291 2959 362 3016 parte
375 2951 487 3017 spiragli,
503 2949 608 3016 giacche

155 3039 206 3090 pur
225 3023 286 3072 nell'
297 3025 398 3072 interno
422 3023 449 3072 di
468 3039 503 3072 un
522 3039 608 3088 corpo,

156 3095 193 3158 gli
222 3094 301 3144 atomi
328 3100 450 3154 nuotano,
479 3111 525 3158 per
556 3093 608 3144 cosi

157 3165 219 3224 dire,
234 3165 276 3213 nel
290 3172 374 3214 vuoto.
389 3166 487 3228 Questo
496 3162 539 3228 git
551 3166 609 3215 vide

156 3235 175 3284 il
195 3237 287 3294 Tohte‚
302 3235 318 3284 l.
333 3251 353 3284 c.
373 3237 417 3284 Ma
436 3232 450 3284 ὲ
466 3237 609 3286 necessario

156 3307 279 3356 avvertire
294 3307 340 3356 che
353 3307 483 3370 Lucrezio,
497 3323 543 3374 per
553 3323 609 3356 ren·

156 3378 218 3428 dere
236 3373 281 3442 pid
297 3379 353 3426 viva
372 3377 542 3442 l'immagine,
557 3375 610 3442 pud

156 3448 211 3498 sare
236 3447 344 3513 qualche
370 3450 535 3498 concessione
560 3449 610 3497 alla

156 3517 283 3570 necessit&
306 3519 332 3566 di
357 3535 408 3568 una
433 3527 609 3585 rappresenta·

156 3591 231 3639 zione
250 3590 312 3638 satta
332 3606 367 3638 un
383 3592 425 3656 po'
440 3591 609 3654 all’ingrosso.

158 3661 279 3710 Cohibere
297 3675 350 3710 non
368 3662 390 3712 si
412 3662 475 3712 deve
497 3658 552 3710 cioe
572 3663 609 3710 in-

664 1181 768 1230 tendere
806 1180 833 1228 in
870 1195 945 1230 senso
980 1179 1117 1242 insoluto,

665 1251 848 1300 mentalmente
866 1253 995 1316 possiamo
1014 1269 1117 1317 rappre·

664 1322 772 1370 sentarci
792 1323 873 1370 anche
892 1339 943 1370 una
956 1323 1025 1372 linea
1037 1324 1127 1384 circo-¹

663 1393 716 1442 lure
735 1394 762 1441 di
780 1389 855 1458 punti
878 1409 952 1443 come
977 1394 1045 1444 linea
1070 1394 1117 1444 che

664 1465 766 1514 cohibet.

701 1544 760 1598 517.
771 1536 849 1584 inane
861 1551 950 1584 rerum
958 1554 966 1583 .·
980 1531 1036 1583 cioe
1050 1536 1124 1598 quod

664 1614 703 1655 est
719 1607 748 1653 in
766 1607 849 1654 rebus.
866 1605 918 1655 Cfr.
933 1607 1116 1670 Stuerenburg,

631 1677 633 1680 ’
664 1680 731 1726 Acta
757 1678 934 1734 socsPkilol„
960 1678 1056 1741 Leipz.,
1082 1677 1117 1735 11,

664 1763 689 1812 p.
709 1757 779 1808 427:
804 1765 817 1792 ε
838 1763 927 1796 rerum
946 1756 975 1796 ut
993 1747 1116 1812 scriptum

665 1826 703 1868 est
736 1818 763 1866 in
791 1817 808 1868 l.
841 1835 900 1866 mss.
929 1818 984 1868 iure
1018 1834 1064 1866 suo
1092 1826 1122 1867 et.

665 1889 806 1940 Goebelius
838 1889 955 1938 defendit
985 1888 1048 1952 (Qu.
1085 1889 1116 1938 L.

664 1977 690 2026 p.
712 1965 757 2020 20)
776 1968 802 2010 et
820 1961 914 2009 Munro
940 1961 1040 2010 retinet.
1065 1960 1117 2007 Lu-

666 2032 760 2081 cretius
779 2047 838 2080 cum
863 2033 941 2080 inane
966 2031 1043 2096 plane
1069 2045 1121 2096 pro

667 2103 825 2152 substantivo
844 2111 929 2168 ponat,
945 2111 970 2152 et
989 2101 1065 2150 modo
1084 2101 1118 2150 de

666 2173 744 2236 inani,
765 2175 834 2239 quod
853 2189 892 2222 res
917 2175 986 2223 intus
1007 2173 1120 2221 habeant

666 2243 742 2308 (514)
761 2253 838 2309 atque
856 2244 884 2292 in
904 2246 980 2294 rebus
996 2244 1028 2292 sit
1041 2241 1125 2308 (515)¹

666 2316 767 2364 locutus
786 2315 827 2374 sit,
847 2323 915 2364 certe
936 2316 985 2364 hoc
1010 2315 1067 2364 loco
1085 2315 1118 2363 de

666 2401 751 2434 rerum
782 2386 853 2434 inani
880 2387 952 2451 loqui
981 2394 1065 2450 potest
1095 2403 1120 2434 ι.

666 2456 808 2506 Ritennero
827 2473 875 2521 pur
893 2457 1006 2520 genuino
1034 2458 1053 2506 il
1078 2472 1118 2505 re·

666 2543 725 2576 rum
745 2527 765 2575 11
783 2527 1038 2586 Winckelmann,
1058 2527 1118 2575 Bei-

666 2605 759 2663 traegc,
796 2598 935 2647 Salzwedel
972 2597 1055 2661 18573
1086 2597 1123 2645 L.

667 2669 878 2733 Grasberger,
908 2671 949 2718 De
972 2669 1003 2718 L.
1028 2684 1117 2724 carm,

666 2741 797 2790 Mdnchen
831 2739 905 2804 1855.
935 2740 1071 2788 Mutarono
1098 2737 1120 2786 11

666 2812 797 2860 Purmann
820 2811 883 2874 (Qu.
902 2812 981 2859 Lucr.
1007 2813 1024 2873 1,
1044 2825 1069 2874 p.
1089 2807 1118 2868 6)

662 2882 690 2930 in
709 2884 813 2940 circum,
835 2883 854 2931 il
873 2881 1001 2932 Susemihl
1024 2881 1051 2929 in
1065 2889 1116 2944 pu·

662 2969 722 3000 rum
750 2951 912 3018 (congettura
939 2959 1084 3017 presentata
1103 2967 1122 3001 e¹

662 3025 706 3088 poi
715 3025 894 3074 abbandonata
903 3024 945 3072 dal
959 3019 1121 3085 Brieger),

663 3095 682 3142 il
700 3099 813 3159 Bernays
831 3096 857 3144 in
876 3111 965 3144 verum
974 3111 985 3150 ,·
998 3093 1017 3141 il
1037 3092 1120 3140 Lach*

663 3181 742 3213 mann
761 3166 788 3213 in
807 3167 876 3214 rebu¹
898 3172 991 3228 queat,·
1019 3164 1038 3210 il
1062 3163 1117 3210 Ma·

663 3237 738 3298 rullo,
757 3236 776 3284 il
793 3235 937 3286 Wakefield
956 3251 970 3283 e
989 3233 1009 3282 11
1023 3231 1122 3282 'Forbi-

664 3323 710 3371 ger
731 3307 758 3354 in
776 3313 876 3356 tectum.

701 3376 808 3440 518·19.
834 3378 857 3426 Il
886 3375 1014 3436 Giussani,
1042 3375 1121 3426 stud.

664 3448 738 3505 lucr„
759 3465 783 3513 p.
803 3461 850 3508 41:
873 3467 884 3490 «
900 3443 948 3495 Pid
964 3447 1041 3510 leggo
1055 3446 1118 3511 518·

667 3531 698 3578 19
727 3537 741 3568 e
772 3515 816 3583 piu
849 3518 885 3566 mi
917 3519 1051 3582 persuado,
1076 3517 1119 3568 col

665 3589 781 3652 Gneisse,
801 3590 847 3638 che
864 3605 916 3637 non
937 3604 1048 3654 possono
1067 3597 1120 3639 star

666 3662 710 3725 qui
722 3675 793 3710 come
803 3660 890 3709 chiusa
900 3660 926 3708 di
938 3671 967 3724 51
976 3669 1053 3724 1·517
1065 3659 1121 3712 ’.Ε
