2756 4294
430 279 472 320 DE
495 277 605 322 RERUM
628 276 770 324 NATURA.

1012 278 1074 340 135

116 404 198 464 unde
220 401 270 464 hic
292 403 428 481 cognitus
451 413 496 463 est
517 402 575 480 ipsi
598 421 687 480 quem
709 401 845 462 nominat
867 401 984 481 ignem:
1010 407 1071 481 695

115 491 211 554 credit
234 491 315 553 enirn
338 511 441 552 sensus
463 491 563 569 ignem
587 509 766 569 cognoscere
790 509 868 562 vere,

115 591 216 642 cetera
237 601 299 640 non
322 580 425 654 credit,
450 599 527 656 quae
552 578 613 640 nilo
630 581 715 640 clara
737 579 836 640 minus
858 591 937 639 sunt.

115 671 200 748 quod
223 668 297 729 mihi
316 687 385 730 cum
408 689 518 728 vanum
541 678 605 728 tum
628 667 755 728 delirum
778 687 842 727 esse
865 665 1003 728 videtur:

114 777 177 836 quo
193 761 354 818 referemus
377 757 483 817 enim?
519 756 591 832 quid
615 755 702 817 nobis
725 755 832 816 certius
855 753 926 833 ipsis

114 846 252 907 sensibus
275 866 338 906 esse
361 855 468 923 potest,
493 845 545 924 qui
563 863 634 905 veru
656 865 691 906 ac
714 846 786 904 falsa
808 847 965 905 notemus?
1006 864 1067 922 τοο

115 945 269 1013 praetereo
291 953 382 1011 quare
405 933 562 1011 quisquam
585 933 678 1010 magis
701 931 802 993 omnia
826 934 920 994 tollat¹

116 1034 147 1082 et
171 1023 243 1084 velit
266 1021 377 1082 ardoris
400 1033 536 1083 naturam
559 1021 694 1098 linquere
717 1025 821 1095 solam,

115 1131 207 1189 quam
231 1121 320 1188 neget
342 1130 406 1170 esse
428 1110 515 1189 ignis,
540 1109 658 1188 quidvis
681 1120 781 1170 tamen
804 1130 868 1170 esse
890 1109 1061 1188 relinquat?

117 1219 215 1276 aequa
237 1198 353 1260 videtur
376 1199 456 1259 enim
479 1198 631 1259 dementia
651 1197 751 1260 dicere
775 1209 943 1276 utrumque.

114 1407 238 1476 τίτιβολὴν
256 1407 451 1474 λαμβανόμενον
464 1415 495 1474 τῇ
510 1406 564 1461 δια·

113 1481 172 1547 volo
190 1478 288 1547 ἀληθές
300 1479 375 1531 ἐστιν.
395 1482 508 1532 Eraclito
527 1482 565 1531 in-

114 1569 177 1604 vece
195 1553 282 1603 diceva
307 1553 386 1602 infido
405 1553 424 1601 il
448 1569 530 1613 senso,
551 1569 565 1602 e

114 1625 136 1674 si
155 1623 265 1674 affidava
282 1623 307 1674 al
325 1621 399 1688 λόγος
418 1640 463 1688 per
480 1624 506 1672 la
524 1639 566 1672 co·

115 1711 242 1744 noscenza
260 1694 327 1744 della
347 1691 433 1753 veriti,
451 1709 523 1744 come
542 1694 566 1743 ci

113 1766 230 1816 riferisce
254 1765 326 1816 Sesto
351 1765 489 1830 Empirico,
507 1765 566 1815 adv.

115 1838 195 1889 math.
215 1837 273 1896 VII,
295 1835 352 1886 126.

152 1907 213 1972 697.
233 1914 315 1956 cetera
334 1923 386 1955 non
405 1907 502 1957 credit:
521 1923 566 1956 an-

115 1978 164 2029 che
184 1984 274 2044 questa
293 1977 393 2028 sembra
411 1993 462 2026 una
476 1977 566 2026 confu-

114 2049 216 2098 tazione
228 2047 297 2097 della
309 2048 394 2106 teoria,
410 2055 484 2097 tratta
499 2048 568 2097 dalla

114 2119 229 2170 dottrina
243 2126 323 2170 stessa
341 2119 367 2167 di
385 2119 504 2170 Eraclito.
524 2122 566 2169 Iu-

115 2189 176 2240 fatti
205 2189 318 2239 Eraclito
353 2190 491 2253 insegnava
520 2189 568 2239 che

116 2261 180 2327 quel
206 2262 253 2310 che
283 2277 378 2325 appare
408 2261 526 2310 evidente
553 2277 568 2308 a

114 2331 184 2392 tutti,
204 2329 292 2396 quello
315 2327 329 2378 ὲ
352 2330 371 2380 il
395 2347 463 2390 vero,
483 2347 497 2380 e
522 2332 568 2380 che

115 2418 171 2451 non
189 2397 203 2450 e
217 2401 306 2450 invece
318 2403 350 2450 da
364 2400 449 2450 fidarsi
467 2401 494 2450 di
508 2401 568 2466 quel

115 2473 164 2522 che
183 2489 278 2537 appare
301 2473 356 2521 solo
381 2488 397 2521 a
422 2472 566 2537 qualcuno:

115 2543 199 2602 Sesto,
223 2544 282 2592 adv.
311 2543 388 2592 math.
413 2543 472 2605 vn,
501 2556 567 2606 131:

115 2610 146 2663 τὸ
164 2609 214 2675 μὲν
232 2616 309 2676 κοινῇ
324 2616 387 2662 πᾶσι
401 2611 568 2677 φαινόμενον,

116 2680 189 2734 τοῦτ’
210 2678 274 2732 εἶναι
297 2681 387 2733 πιστόν
413 2688 461 2748 (τῷ
485 2687 569 2747 κοινῷ

116 2751 168 2818 γὰρ
188 2751 234 2803 καὶ
258 2751 325 2818 θείῳ
349 2751 419 2818 λόγῳ
441 2751 569 2819 λαμβάνε-

115 2824 177 2889 ται),
197 2821 226 2874 τὸ
245 2821 274 2874 δέ
290 2841 337 2874 τινι
355 2823 430 2888 μόνῳ
442 2829 570 2888 προσπῖπ-

115 2913 161 2948 τον
180 2892 288 2946 ἄπιστον
310 2892 436 2959 ὑπάρχειν
461 2892 504 2946 διὰ
523 2892 571 2960 τὴν

116 2964 235 3018 ἐναντίαν
258 2963 347 3017 αἰτίαν.
373 2966 431 3025 Ora,
455 2984 501 3032 par
522 2967 570 3016 che

116 3039 176 3088 dica
203 3037 333 3099 Lucrezio,
360 3033 374 3086 ὲ
404 3053 455 3087 una
482 3037 570 3101 cogni-

117 3110 192 3158 zione
223 3108 340 3158 evidente
370 3124 385 3157 e
415 3123 526 3158 comune
556 3124 571 3157 a

117 3179 179 3231 tutti
198 3179 222 3228 la
236 3177 315 3229 sealt&
334 3195 348 3229 e
367 3179 391 3227 la
404 3185 494 3227 natura
512 3195 569 3245 spe·

117 3251 191 3302 cifica
216 3251 242 3298 di
270 3250 389 3300 ciascuna
416 3249 484 3298 delle
512 3264 571 3299 cose

117 3322 166 3372 che
185 3321 310 3370 vediamo.

156 3391 217 3454 699.
237 3408 286 3455 quo
304 3391 445 3452 referemus
462 3391 571 3439 eninm:

104 3462 148 3512 ·in
171 3478 247 3512 senso
272 3461 410 3512 riflessivo:
436 3477 482 3527 per
499 3459 519 3508 il
537 3459 570 3508 si·

119 3533 184 3598 gnis.
212 3550 226 3582 e
250 3549 296 3598 per
319 3533 392 3582 l’uso
416 3547 439 3582 v.
464 3533 488 3580 la
511 3537 572 3580 nota

120 3603 147 3652 al
165 3617 227 3666 4²4·

656 1420 716 1472 700.
736 1412 782 1474 qui
799 1432 833 1452 =
851 1427 901 1474 quo
927 1410 1025 1460 riferito
1050 1411 1075 1460 ai

620 1481 691 1544 quid.
717 1480 809 1531 L'abl.
834 1482 882 1545 qui
905 1497 951 1547 per
977 1498 1028 1545 quo
1054 1483 1076 1531 si

622 1551 715 1600 ritrova
743 1551 766 1600 al
798 1552 891 1602 mosch.
924 1553 951 1601 in
982 1552 1075 1602 Plauto

622 1624 697 1672 Asin.
711 1633 762 1685 397
775 1637 781 1680 ;
800 1623 893 1672 Bacch.
908 1631 958 1686 335
975 1637 981 1681 ;
1003 1623 1075 1686 δορί.

623 1691 664 1752 28,
686 1693 843 1752 101;·Men.
858 1705 906 1756 391
922 1711 927 1754 ;
947 1693 971 1741 al
985 1701 1076 1742 neutro

622 1763 650 1812 in
677 1765 769 1814 Plauto
800 1764 861 1813 Aul.
891 1775 960 1826 377;
994 1764 1075 1814 Merc.

622 1833 675 1896 488
688 1850 758 1896 eco.;
783 1835 861 1884 Varr.
877 1834 906 1884 L.
927 1836 956 1884 L.
972 1833 1076 1898 5,116;

622 1905 655 1954 R.
668 1906 700 1956 R.
721 1919 736 1954 2
755 1923 793 1971 pr.
813 1917 845 1968 33
865 1905 973 1970 eperfin
987 1919 1075 1970 presso

622 1974 675 2025 Cic.
688 1974 755 2040 (Αιι.
772 1989 811 2034 τι,
828 1989 867 2036 τι,
883 1991 911 2038 τ;
931 1990 969 2040 τ3,
987 1975 1083 2038 13,3)·1

659 2057 785 2110 7or·7o4.
800 2048 865 2098 Dice
878 2047 1016 2098 Lucrezio:
1033 2061 1078 2095 ne·

622 2118 707 2180 gando
733 2119 791 2169 fede
816 2117 842 2168 al
869 2133 952 2182 senso,
978 2119 999 2166 si
1025 2114 1077 2182 pub

622 2202 671 2237 con
690 2189 745 2253 pari
773 2189 860 2238 diritto
878 2191 933 2240 dire
957 2189 1004 2238 che
1022 2188 1078 2237 solo

622 2258 641 2306 il
660 2259 736 2308 fuoco
752 2261 834 2320 esiste,
850 2269 946 2325 quanto
964 2261 1017 2309 dire
1031 2260 1078 2308 che

623 2335 688 2378 tutte
713 2330 738 2378 le
763 2330 826 2379 altre
847 2347 905 2381 cose
931 2331 1078 2380 esistonoe

622 2399 678 2448 solo
697 2399 715 2447 il
734 2401 811 2449 fuoco
823 2416 876 2450 non
890 2401 974 2450 esiste.
994 2403 1018 2448 A
1036 2399 1077 2450 chi

622 2471 766 2519 affermasse
779 2480 878 2534 questo,
891 2471 1004 2520 Eraclito
1025 2484 1079 2520 non

622 2541 747 2605 potrebbe
774 2541 922 2606 rispoudere
944 2541 1078 2606 appellan-

622 2609 679 2660 dosi
688 2611 739 2660 alla
750 2611 943 2662 testimonianze
952 2611 994 2661 dei
1004 2610 1079 2660 sensi.

661 2693 721 2744 701.
734 2684 820 2730 οιιιαία
834 2701 869 2722 ---
887 2689 969 2731 cetera
982 2681 1077 2730 omnia.

661 2766 720 2818 703.
743 2754 845 2816 quidvis
858 2761 962 2802 tamen:
981 2751 1023 2802 uei
1036 2766 1078 2800 co-

624 2823 677 2874 dici
696 2820 710 2872 ὲ
729 2823 748 2871 il
767 2823 823 2872 solo
841 2831 934 2873 tomen.
953 2825 965 2872 Ῑ
986 2831 1079 2872 corret·
1117 2852 1121 2860 ·

625 2895 674 2943 tori
703 2893 746 2942 del
774 2895 954 2944 rinascimento
979 2893 1077 2960 suppli·

626 2981 689 3014 rono
715 2981 862 3021 summam
886 2965 905 3013 il
930 2965 1079 3014 Lachmann

626 3037 729 3099 quidvis
741 3054 752 3093 ,¹
771 3035 822 3085 cosi
841 3036 959 3100 Bunays,
977 3037 1078 3094 Munro,

626 3106 754 3166 Giussaui,
769 3106 875 3170 Bailey;
895 3107 914 3155 il
926 3105 1079 3155 Bockemul-

625 3177 663 3226 ler
681 3177 728 3225 illa
746 3184 867 3226 attamen.
891 3179 1006 3228 Intesero
1027 3176 1078 3224 evi-

625 3247 789 3297 dentemente
815 3247 842 3295 in
868 3247 931 3296 altro
957 3247 1033 3296 modo
1059 3246 1078 3294 ii

625 3316 768 3386 significato
794 3317 836 3368 del
865 3333 939 3383 passo
963 3318 983 3366 il
1005 3317 1079 3366 Win-

625 3387 763 3438 ckelmann
781 3391 829 3438 che
848 3387 934 3459 suppli
951 3389 1018 3453 ignis
1039 3396 1077 3436 to·

625 3475 682 3508 men
704 3476 718 3508 e
737 3459 755 3506 il
784 3459 853 3508 Roos
875 3461 958 3524 ignem
984 3466 1078 3509 tamen.

624 3529 807 3580 Iuacoettabile
818 3525 832 3578 ὲ
843 3529 946 3578 l'eadem
956 3529 997 3578 del
1009 3531 1078 3579 Nen-

625 3599 677 3650 cini
695 3599 765 3665 (Riv.
778 3600 855 3648 Filol.
873 3597 947 3661 1896,
965 3617 991 3665 p.
1006 3603 1080 3665 304).
