2756 4294
422 337 464 378 DE
488 337 602 380 RERUM,
619 337 758 381 NATURA.

1006 338 1065 398 ¹15

100 483 197 542 ‹quam
220 483 321 523 rursus
343 462 441 524 refici:
478 481 538 539 qua
561 474 682 542 propter
705 464 795 540 longa
818 440 877 524 diei

104 552 223 612 infinita
241 563 322 612 aetas
344 562 414 611 ante
436 552 494 612 acti
517 551 659 629 temporis
683 551 781 610 omnis

105 642 191 718 quod
215 641 349 719 fregisset
371 641 471 701 adhuc
494 639 663 700 disturbans
687 640 924 716 dissoluensque,

107 747 273 807 numquam
296 729 408 790 relicuo
430 727 559 806 reparari
582 739 718 808 tempore
740 737 850 806 posset.

1006 731 1067 806 560

87 829 139 878 ·at
161 837 251 890 nunc,
277 816 426 890 nimirum,
451 817 608 894 frangendi
631 817 748 877 reddita
770 816 838 876 finis

106 915 190 968 certa
212 918 322 979 manet,
348 905 489 984 quoniam
512 905 592 966 refici
615 926 677 966 rem
702 925 851 984 quamque
874 904 1009 966 videmus

107 1005 139 1056 et
161 994 245 1055 finita
268 995 355 1056 simul
377 994 542 1072 generatim
565 1005 701 1072 tempora
724 997 814 1055 rebus

107 1093 197 1158 stare,
221 1083 329 1162 quibus
353 1083 468 1162 possint
490 1082 556 1143 aevi
579 1083 752 1160 contingere
775 1085 889 1144 florem.

153 1175 225 1234 Huc
246 1171 361 1233 accedit
384 1172 436 1244 uti,
462 1171 641 1232 solidissima
663 1171 796 1232 materiai

1005 1175 1064 1248 565

108 1279 234 1338 corpora
256 1279 325 1323 cum
347 1271 494 1335 constant,
520 1260 634 1338 possint
658 1271 758 1320 tamen
782 1259 883 1320 omnia
906 1259 992 1320 reddi

147 1470 235 1535 557-8,
256 1471 345 1520 Strana
365 1471 519 1520 ridondanza
537 1471 564 1520 di

111 1543 212 1608 parole3
227 1538 272 1608 pu
284 1543 392 1592 discreto
403 1539 417 1592 e
427 1544 453 1591 in
466 1559 489 1590 v.
502 1555 562 1606 233.

112 1614 226 1665 Ordina:
248 1629 390 1677 numquam
417 1615 565 1678 reparari...

107 1692 195 1749 posset
206 1681 259 1747 (id)
273 1685 365 1748 quod...
380 1685 456 1749 longa
469 1691 564 1734 aetas...

103 1756 238 1820 fregisset.

148 1825 208 1891 560.
240 1826 378 1889 reparari:
412 1825 492 1886 anche
521 1827 565 1892 qui

115 1917 126 1940 c
148 1897 252 1945 ristorar
272 1896 296 1944 le
314 1897 412 1960 perdite
430 1915 452 1954 ι,
472 1897 500 1945 in
519 1913 565 1962 op·

114 1967 244 2032 posicione
263 1967 287 2014 ai
306 1967 415 2016 concerti
434 1968 460 2016 di
464 1967 567 2033 frangi

111 2055 124 2088 e
144 2037 256 2086 dissolvi.
286 2038 374 2087 Anche
397 2037 416 2086 il
434 2039 506 2102 refici
522 2039 565 2088 del

111 2126 132 2157 v.
154 2108 206 2172 562
227 2105 241 2156 ὲ
260 2107 279 2156 il
299 2127 310 2151 α
331 2109 481 2173 ricomporsi
501 2128 512 2152 ι
538 2109 564 2158 di

113 2180 232 2228 ciascuna
250 2195 316 2229 cosa.

149 2250 208 2312 561.
219 2249 387 2315 frangendi:
407 2245 459 2298 cfr.¹
472 2258 532 2299 nota
550 2267 565 2299 a

113 2333 171 2383 707.

149 2391 210 2456 563.
230 2391 356 2440 Cinscuna
379 2392 464 2456 specie
483 2391 517 2443 ha
534 2393 565 2441 li·

112 2463 168 2533 pniti
194 2463 355 2512 determinati
381 2464 407 2511 di
436 2463 564 2530 sviluppo.

110 2535 132 2584 E
151 2533 170 2583 il
190 2541 307 2583 concerto
326 2531 367 2597 gii
386 2535 502 2599 splegato
521 2535 564 2586 nei

109 2621 148 2653 vv.
181 2617 304 2665 199·2o4,
329 2606 352 2654 ai
378 2606 448 2670 quali
470 2607 563 2655 riman-

110 2676 204 2723 dianio.

147 2745 273 2808 565·573.
284 2747 316 2797 Se
326 2746 347 2795 si
360 2755 517 2796 ammettono
527 2747 563 2810 gli

111 2816 233 2865 elementi
246 2815 329 2876 solidi,
349 2817 369 2864 si
383 2815 435 2882 pud
448 2817 563 2882 spiegare

111 2887 136 2936 la
155 2887 289 2950 maggiore
308 2902 323 2935 o
342 2887 440 2936 minore
466 2886 564 2938 densitl

111 2959 153 3009 dei
166 2958 246 3023 oorpi,
261 2972 310 3006 con
320 2957 345 3005 la
355 2960 453 3008 minore
465 2974 480 3006 0
494 2975 563 3022 mag·

112 3030 183 3092 giore
202 3035 359 3077 contenenza
378 3029 403 3076 di
416 3037 509 3091 vnoto;
523 3046 564 3078 ma

111 3116 137 3149 se
155 3100 178 3149 si
198 3105 355 3148 ammettono
373 3099 446 3148 molli
462 3101 498 3164 gli
512 3100 563 3150 ele·

111 3171 192 3220 menti
211 3168 237 3234 (e
257 3165 313 3218 etot
331 3169 356 3218 la
375 3171 481 3220 materia
499 3171 563 3220 divi-

110 3241 187 3291 sibile
205 3239 367 3306 all’infinito)
386 3257 459 3291 come
479 3248 563 3306 potre-

111 3329 154 3362 mo
166 3312 284 3377 spiegure
296 3311 321 3360 la
333 3311 439 3362 durezza
455 3313 497 3362 dei
511 3329 563 3361 ma·

111 3383 180 3502 pigui
199 3383 275 3464 eldel
285 3382 361 3502 1ler6ro
369 3383 424 3502 {llll³
442 3383 562 3432 Giussani

122 3469 284 3518 aseguirea
309 3463 322 3518 5
343 3469 384 3517 41
426 3464 564 3517 rano577·

113 3523 175 3588 583;
197 3531 287 3590 questo
299 3525 380 3574 biano
393 3525 449 3574 anzi
463 3525 482 3572 il
495 3525 563 3574 Brie·

111 3610 156 3658 ger
173 3611 252 3646 aveva
271 3595 334 3645 fatto
362 3596 498 3662 precedere
527 3595 563 3644 al·

111 3666 195 3717 l'altro
219 3666 345 3734 551-564.
374 3668 386 3717 1
411 3667 463 3717 due
491 3667 564 3716 brani

619 1471 735 1535 551·564
746 1487 760 1520 e
770 1469 885 1534 577-583
898 1471 982 1520 hanno
996 1485 1069 1534 gran·

618 1543 650 1591 de
669 1539 773 1598 affinit'a,
796 1559 836 1589 ma
853 1541 903 1588 han
917 1541 988 1590 l'aria
1001 1542 1069 1605 piut·
1089 1535 1093 1546 ”

620 1619 686 1662 tosto
705 1612 731 1660 di
750 1629 832 1662 essere
855 1612 967 1676 sviluppi
986 1612 1012 1660 di
1031 1627 1070 1660 ra-

618 1683 691 1747 gioni
715 1699 776 1733 non·
791 1682 906 1731 condotti
929 1699 943 1731 a
962 1682 1070 1732 termine

619 1750 651 1802 ne
670 1753 788 1803 collocati
817 1753 1033 1802 definitivameute
1055 1769 1070 1802 a

618 1832 700 1892 posto.
722 1827 785 1875 Pare
803 1825 849 1873 che
868 1823 887 1872 il
906 1831 981 1888 poeta
994 1823 1070 1872 abbia

620 1914 634 1946 a
652 1892 697 1962 piis
717 1897 812 1962 riprese
830 1895 990 1944 considerato
1008 1894 1069 1943 l'ar-

619 1973 741 2032 gomento
760 1967 907 2025 avversario‚
922 1981 936 2015 e
949 1965 1018 2015 nella
1030 1981 1069 2015 se·

618 2039 700 2087 conda
729 2037 824 2103 ripresa
851 2036 965 2102 577-583
994 2037 1070 2085 abbia

619 2110 760 2159 eonceduto
770 2127 815 2174 per
827 2109 918 2174 ipotesi
929 2107 1010 2156 molto
1024 2104 1069 2172 piis

546 2209 548 2212 -
618 2181 665 2230 che
677 2181 745 2230 nella
760 2181 849 2245 prima.
864 2181 905 2229 Ad
917 2180 979 2243 ogni
993 2179 1070 2228 modo

619 2247 651 2300 ne
662 2248 881 2300 formalmentene
891 2252 1069 2315 logicamente,
1096 2275 1097 2280 =

619 2337 731 2387 possono
761 2322 941 2386 congiungersi
974 2322 983 2370 i
1020 2322 1070 2372 due

618 2391 701 2457 passi:
733 2393 777 2441 noi
807 2393 934 2442 serbiamo
962 2393 1070 2442 l¹ordine

620 2463 790 2522 traditionale‚
810 2480 874 2528 pure
893 2480 920 2512 se
935 2464 1031 2512 dovuto
1044 2463 1069 2512 al

618 2533 689 2584 mero
720 2549 794 2593 easo;
833 2534 864 2582 ed
894 2533 1068 2582 ammettiamo
1109 2531 1112 2536 '

618 2605 665 2654 ohe
683 2605 729 2670 qui
748 2604 942 2654 l'elnborazione
961 2619 1013 2652 non
1032 2603 1069 2652 sia

618 2683 682 2725 stata
713 2671 745 2725 ne
776 2675 895 2740 organica
926 2671 958 2722 ne
972 2699 975 2708 ›
990 2673 1068 2722 conti-

618 2755 702 2796 nuato.

655 2817 714 2882 566.
721 2819 848 2882 possint...
859 2817 946 2866 reddi:
958 2837 970 2860 ι
984 2815 1005 2864 si
1016 2811 1069 2881 pud

618 2890 734 2954 spiegare
744 2905 794 2952 quo
805 2895 881 2953 pacto
892 2887 968 2951 fiant
984 2888 1070 2937 omnia

618 2975 684 3024 quac
713 2960 783 3015 fiunt
814 2959 901 3007 mollia
935 2977 956 3008 ι.
988 2958 1071 3007 Reddi

618 3031 723 3094 dunque
734 3029 932 3078 assolutamente
944 3045 990 3094 per
1004 3049 1015 3072 ι
1031 3045 1069 3078 es·

592 3157 593 3160 Ἴ
618 3117 673 3150 sere
692 3099 807 3164 spiegato
828 3119 850 3160 a,
871 3100 943 3165 quasi
966 3116 1011 3164 per
1031 3100 1069 3148 in·

619 3171 717 3220 fluenza
748 3171 816 3221 della
846 3171 912 3220 frase
943 3171 1070 3220 rationem

618 3243 732 3299 reddere,
755 3243 802 3292 che
822 3243 843 3292 si
859 3249 929 3290 trova
942 3241 1026 3290 infatti
1045 3240 1069 3289 al

619 3329 641 3362 v.
651 3321 710 3376 572.
718 3313 741 3361 Il
749 3315 852 3378 Sauppe
863 3329 876 3362 e
887 3312 1006 3360 ilMunro
1016 3325 1069 3361 cre·

618 3384 687 3432 dono
707 3382 907 3448 indispensabile
921 3397 1069 3446 correggere

615 3455 700 3519 possit
714 3457 795 3513 reddi,
810 3453 1010 3519 argomentundo
1022 3452 1069 3503 che

619 3525 644 3574 la
658 3524 789 3575 vicinanza
803 3526 828 3574 di
845 3525 922 3585 fiunt!
937 3524 1017 3588 fiant,
1028 3539 1069 3588 gc·

619 3603 724 3655 rantur,
736 3597 845 3647 rendeva
855 3594 1001 3646 inevitabile
1011 3594 1070 3644 l'er·
1104 3625 1109 3636 ·

620 3681 676 3718 rore
685 3667 711 3717 di
724 3668 840 3718 scrittura
849 3667 958 3732 possint.
972 3666 1016 3715 Ma
1028 3665 1069 3714 col
