2756 4294
317 321 357 379 90
648 314 680 358 r.
703 313 835 357 nucnurr
861 314 945 357 csso

315 458 424 518 corpus
448 439 527 500 enim
551 457 604 518 per
627 458 659 498 se
682 439 851 500 communis
873 439 992 500 dedicat
1015 460 1078 502 esse

314 546 438 604 sensus;
477 528 525 590 cui
549 527 605 588 nisi
628 527 724 606 prima
747 530 822 589 fides
844 531 969 590 fundata
991 529 1110 603 valebit,
1170 593 1173 600 ,

315 621 387 678 haut
406 617 462 678 erit
484 617 609 678 occultis
632 618 671 676 de
694 619 784 678 rebus
807 637 867 695 quo
891 621 1053 680 referentes

315 710 491 768 confirmare
515 705 607 766 animi
630 704 790 783 quicquam
815 707 931 768 ratione
953 725 1106 784 queamus.

1213 725 1271 784 425

315 807 378 857 tum
402 815 492 875 porro
513 797 598 856 locus
620 815 655 856 ac
678 795 816 874 spatium,
841 799 924 874 quod
947 796 1037 856 inane
1059 815 1212 869 vocamus,

315 885 340 945 si
362 887 478 946 nullum
501 885 586 958 foret,
611 885 683 946 haut
706 903 831 962 usquam
856 886 911 946 sita
933 905 1059 964 corpora
1081 896 1205 964 possent

316 993 380 1035 esse
402 993 501 1052 neque
524 971 649 1034 omnino
671 992 821 1052 quaquam
845 974 962 1036 diversa
984 994 1085 1035 meare
1097 992 1105 1050 ;

314 1063 346 1124 id
369 1064 452 1142 quod
474 1063 533 1124 iam
557 1081 663 1140 supera
685 1061 740 1123 tibi
762 1065 853 1141 paulo
876 1063 1063 1125 ostendimus
1081 1074 1161 1126 ante.

315 1309 425 1376 σώματα
437 1307 485 1375 μὲν
497 1307 547 1377 γὰρ
560 1307 598 1366 ὥς
610 1307 686 1371 ἔστιν)
700 1308 765 1378 αὐτὴ

315 1381 332 1448 ἡ
357 1380 478 1447 αἴσθησίς
502 1379 544 1432 ἐπὶ
571 1379 676 1432 πάντων
700 1401 767 1448 μαρ-

316 1459 395 1518 τυρεῖ,
417 1453 573 1520 (communis
592 1455 693 1505 dedicat
712 1472 766 1505 esse

316 1526 422 1588 Sensus)
441 1521 506 1575 καθ’
525 1523 559 1590 ἥν
577 1521 720 1591 ἀναγκαῖον
740 1522 768 1574 τὸ

315 1593 413 1662 ἄδηλον
430 1601 468 1660 τῷ
486 1593 603 1661 λογισμῷ
622 1595 767 1662 τεκμαίρεί-

315 1665 410 1733 prodas
437 1666 490 1734 (cui
519 1668 569 1717 nisi
594 1668 677 1734 prima
704 1667 768 1718 fides

299 1741 302 1749 '
315 1737 380 1803 ecc.)
399 1735 487 1802 ὥσπερ
500 1741 634 1803 προεῖπον.
653 1737 677 1788 εἰ
688 1735 718 1789 δὲ
729 1735 767 1804 μή

315 1807 348 1876 ἦν
366 1809 400 1877 (si
424 1811 525 1860 nullum
548 1808 632 1876 foret),
653 1809 669 1860 ὃ
690 1807 768 1860 κενόν

315 1880 364 1932 καί
386 1877 478 1946 χώραν
501 1877 547 1931 καὶ
571 1876 662 1946 ἀναφῆ
687 1878 768 1946 φύσιν

315 1949 487 2017 ὀνομάζομεν,
501 1953 583 2018 (quod
599 1953 675 2002 inane
693 1969 767 2002 voca·

316 2023 384 2090 mus)
407 2019 459 2073 οὐκ
481 2019 513 2073 ἂν
530 2018 584 2087 εἶχε
609 2019 767 2087 τὰσώματα

315 2094 382 2145 ὅπου
395 2091 429 2160 ἦν
444 2093 518 2159 (haut
531 2109 638 2160 usquam
653 2095 700 2144 sita
713 2111 768 2144 cor·

315 2183 378 2232 pora
388 2173 494 2232 possent
511 2164 586 2230 Esse)
600 2161 663 2216 οὐδὲ
681 2162 716 2215 δι’
735 2161 768 2216 οὗ

315 2235 425 2287 ἐκινεῖτο
449 2237 545 2302 (neque
570 2238 676 2286 omnino
704 2254 767 2303 qua-

316 2307 521 2374 quam'diversa
549 2309 653 2370 meare).
679 2309 710 2358 V.
738 2324 768 2358 sn

316 2386 407 2446 questo
425 2379 522 2444 passo-i
535 2378 597 2429 miei
610 2380 698 2430 Stadii
717 2381 768 2428 cri-

316 2451 361 2500 tici
386 2451 432 2500 sul
455 2457 547 2516 poema
578 2451 606 2500 di
633 2451 766 2508 Lucreaia,

315 2529 376 2572 nota
394 2539 410 2571 a
427 2535 452 2587 p.
472 2535 514 2583 29.

351 2606 411 2658 422.
440 2593 555 2642 dedicat:
581 2593 626 2643 cfr.
655 2603 716 2642 nota
742 2595 768 2643 al

317 2681 389 2715 verso
409 2663 469 2729 367.

351 2749 413 2799 423.
428 2736 471 2784 cui
489 2735 541 2784 nist
556 2737 642 2802 prima
655 2751 721 2785 ecc:
741 2751 768 2786 se

316 2807 335 2856 il
348 2806 490 2872 principale
503 2806 588 2856 valore
607 2821 659 2854 non
673 2807 695 2855 si
708 2803 769 2856 daria

316 2878 367 2926 3113
387 2877 445 2927 fede
463 2877 569 2926 fondata
581 2876 622 2926 sul
637 2893 719 2926 senso.
735 2904 767 2914 —

317 2949 361 2998 cui
375 2949 486 3013 dipende
504 2949 769 3012 grammaticalmente

317 3020 349 3068 da
372 3020 435 3079 fides
444 3038 456 3078 ,·
480 3020 545 3068 circa
572 3019 581 3068 i
607 3019 685 3070 dativi
710 3020 768 3069 retti

316 3091 349 3140 da
358 3091 490 3140 sostantivi
496 3089 592 3140 verbali
602 3091 660 3140 redi
672 3092 768 3140 Drac-

316 3178 380 3226 ger,
400 3162 471 3210 Hist.
491 3161 571 3224 Syna,
591 3163 611 3222 I,
631 3179 657 3226 p.
676 3177 737 3225 444.

352 3244 413 3295 424.
433 3232 537 3281 occultis
556 3234 697 3284 derebus:
715 3229 768 3283 l’d-

317 3301 397 3369 δηλον
415 3304 442 3352 di
465 3303 585 3368 Epicuro.
606 3330 639 3341 -
659 3295 709 3368 ¹quo
729 3309 774 3354 re?

309 3377 444 3441 ferentes:
471 3395 482 3418 ι
504 3371 642 3446 ωοοο1ο11
657 3372 704 3436 cio,
728 3376 769 3425 cui

317 3447 362 3496 noi
380 3445 575 3512 rapportandoci
587 3465 610 3496 r.
629 3447 652 3495 E
664 3446 769 3513 dunque

317 3533 364 3567 uso
389 3517 511 3569 riflessivo
532 3516 575 3566 del
598 3517 676 3566 verbo
701 3525 768 3567 tran-

317 3589 409 3638 sitivo:
429 3595 487 3639 sott.
508 3605 562 3638 nas.
581 3584 637 3636 Puo
650 3585 711 3654 perd
724 3605 767 3638 an·

318 3660 365 3709 che
395 3659 586 3712 sottintendersi
617 3658 659 3708 dal
696 3676 768 3711 verso

821 1319 944 1380 seguente
966 1315 1113 1378 quicquam.
1140 1309 1273 1377 Referre&

821 1385 909 1452 pamla
921 1385 1026 1448 tecnica,
1041 1400 1091 1432 con
1101 1383 1126 1432 13
1136 1383 1214 1450 quale
1225 1387 1274 1434 Lu·

821 1457 902 1506 crezio
914 1457 1017 1506 traduce
1025 1456 1044 1504 il
1054 1470 1131 1518 greco
1139 1450 1273 1518 ἀναφέρω.

821 1527 875 1576 Cir.
885 1527 1005 1592 Epicuro,
1013 1543 1050 1592 pr.
1061 1527 1140 1590 Diog.
1146 1526 1177 1576 L.
1189 1525 1221 1586 X,
1230 1525 1273 1590 63:

822 1597 865 1648 dai
892 1600 1006 1661 συνορᾶν
1037 1593 1205 1661 ἀναφέροντα
1235 1593 1275 1646 ἐπὶ

822 1665 867 1726 τὰς
885 1665 1028 1734 αἰσθήσεις.
1048 1669 1071 1718 11
1090 1675 1204 1734 precetto
1224 1669 1276 1734 epi-

822 1756 899 1792 cureo
918 1737 933 1789 ὲ
951 1741 977 1790 (11
996 1745 1074 1790 trarte
1095 1740 1111 1788 1¹
1124 1739 1216 1803 ignoto
1235 1739 1275 1788 dal

823 1821 891 1872 noto,
912 1826 960 1860 con
980 1811 1024 1860 tali
1043 1810 1211 1861 riferimenti:
1232 1811 1275 1860 cir.

822 1883 899 1946 Diog.
909 1883 940 1932 L.
954 1883 986 1942 X,
1001 1878 1073 1946 34τὸ
1084 1875 1213 1940 δοξαστὸν
1225 1877 1276 1931 ἀπὸ

822 1949 951 2017 προτέρου
971 1949 1039 2008 τινὸς
1051 1949 1179 2017 ἐναργοῦς
1197 1948 1275 2018 ἢρτη-

823 2043 871 2083 ται,
887 2021 930 2088 ἐφ’
944 2023 960 2074 ὂ
972 2021 1147 2090 ἀναφέροντες
1159 2019 1276 2088 λέγομεν.

823 2096 875 2147 Cfr.
895 2096 976 2146 anche
994 2097 1018 2155 I,'
1035 2096 1104 2157 6993
1127 2111 1142 2146 e
1160 2095 1276 2154 Bruns‚

822 2169 1052 2226 laurea-Studien,
1072 2183 1098 2232 p.
1117 2175 1151 2231 45
1172 2173 1242 2217 nota.

857 2237 919 2300 428.
940 2253 1088 2303 quaquam:
1109 2257 1121 2281 ι
1137 2253 1184 2302 per
1202 2239 1276 2288 alcun

823 2310 902 2374 luogo
930 2329 953 2358 ι.
984 2310 997 2360 Ι
1027 2309 1186 2358 manoscritti
1215 2325 1276 2374 qua·

823 2397 920 2445 quam:
944 2397 987 2429 ma
1011 2381 1038 2429 in
1062 2379 1187 2429 Lucrezio
1214 2381 1279 2428 haut

822 2468 932 2516 usquam
964 2459 1072 2516 possent
1107 2467 1159 2499 esse
1198 2467 1277 2514 neque

823 2539 954 2586 quaquam
974 2539 1057 2572 attare
1076 2521 1245 2588 corrisponde
1262 2537 1276 2569 a

822 2594 895 2659 Epic.
914 2591 981 2642 ὅπου
999 2589 1032 2659 ἦν
1051 2588 1114 2642 οὐδὲ
1127 2589 1163 2642 δι’
1177 2588 1211 2642 οὗ
1224 2589 1275 2642 ἔκι-

822 2669 897 2714 νεῖτο.
920 2665 943 2713 Il
968 2665 1062 2714 Mauro
1087 2663 1209 2727 ragiona:
1236 2663 1277 2712 nei

822 2751 894 2786 verso
918 2743 1042 2799 seguente
1070 2735 1091 2784 si
1118 2735 1241 2786 richiama
1264 2751 1278 2781 a

823 2801 885 2873 quel
906 2803 971 2856 ch¹e
995 2807 1066 2856 detto
1090 2805 1211 2867 innanzi;
1238 2822 1277 2854 ma

822 2879 925 2928 innanzi
934 2895 958 2929 v.
969 2877 1021 2941 378
1033 2877 1177 2942 leggiamo:
1193 2897 1206 2921 ι
1217 2892 1278 2926 nam

823 2966 883 3013 quo
902 2949 1059 3014 squamigeri
1074 2955 1203 3013 poterunt
1215 2955 1277 3012 pro-

824 3021 949 3070 cedere...
970 3037 1001 3079 ι;
1025 3020 1130 3084 dunque
1148 3033 1277 3084 quaquam

824 3087 949 3154 {giusta
970 3087 1113 3150 Senonche,
1133 3090 1175 3138 col
1189 3090 1277 3139 richia·

824 3178 867 3210 mo
880 3179 895 3211 a
907 3161 969 3228 quel
988 3161 1035 3210 che
1047 3163 1081 3210 ha
1098 3162 1171 3210 detto
1184 3159 1275 3216 avanti,

823 3234 946 3283 Lucrezio
976 3233 997 3283 si
1025 3233 1138 3283 riierisee
1163 3232 1189 3282 ai
1213 3229 1277 3280 versi

824 3305 919 3369 355·6:
935 3324 948 3348 ι
960 3305 1033 3369 quad
1047 3304 1101 3354 nisi
1111 3305 1203 3352 inania
1216 3302 1274 3358 sint,

823 3393 888 3440 qua
904 3383 1012 3440 possent
1029 3382 1140 3439 corpora
1165 3386 1276 3438 quaeque

824 3447 961 3506 Transire,
983 3447 1057 3494 haud
1074 3445 1130 3494 ulla
1154 3446 1214 3506 ficri
1234 3457 1274 3491 ra-

823 3519 891 3568 tione
910 3519 1010 3566 videres
1030 3536 1052 3566 ι.
1079 3515 1132 3566 Cir.
1156 3515 1209 3580 438
1229 3522 1275 3580 per

822 3589 989 3649 retransire,
1018 3605 1032 3638 e
1056 3588 1114 3636 Ria.
1139 3589 1168 3636 di
1190 3582 1273 3640 attat..

824 3659 919 3720 XXXI,
940 3677 965 3724 p.
986 3669 1010 3722 7.
