2778 4286
309 335 370 388 14²

579 357 583 364 -
646 329 678 372 T.
700 327 832 372 Lucem
855 329 929 372 cnm

303 475 372 516 esse
394 455 476 530 quod
491 453 529 512 ad
546 470 648 512 sensus
664 461 779 512 nostros
795 450 952 522 minimum
964 471 1028 512 esse
1044 451 1170 523 videtur,
1199 469 1263 529 750

306 544 443 606 conicere
466 552 500 602 ut
521 540 616 619 possis
639 561 675 600 ex
697 542 764 612 hoc,
788 559 864 616 quae
887 560 1007 601 cernere
1031 560 1093 600 non
1118 538 1184 618 quis

306 643 472 693 extremum
496 631 578 706 quod
600 631 723 699 habent,
747 628 905 688 minimum
929 627 1090 690 consistere
1113 647 1192 689 vere.

308 723 368 782 huc
390 719 503 780 accedit
525 718 604 790 item,
631 717 773 794 quoniam
796 716 959 796 primordia
981 737 1079 777 rerum

307 809 411 869 mollia
432 807 625 880 constituunt,
650 825 728 882 quae
746 825 806 866 ¹nos
829 805 929 865 nativa
951 805 1088 866 videmus

307 917 372 958 esse
386 893 425 957 'et
447 895 563 956 mortali
585 913 653 955 cum
677 915 809 972 corpore,
834 893 967 956 funditus
990 893 1075 972 utqui

1200 910 1263 972 755

309 987 418 1046 debeat
440 986 479 1044 ad
502 984 596 1044 nilum
619 982 678 1042 iam
700 1003 800 1043 rerum
820 1001 936 1044 summa
958 994 1066 1043 revertr

305 1075 348 1134 de
370 1073 493 1150 niloque
514 1081 618 1132 renata
640 1071 790 1148 vigescere
813 1070 900 1150 copia
921 1088 1038 1146 rerum;

310 1322 408 1370 nimum
427 1317 455 1367 in
473 1317 516 1368 cui
536 1317 664 1382 possiamo
692 1317 757 1366 scin·

284 1415 286 1420 ¹
307 1392 368 1440 dere
387 1389 471 1438 ades.
491 1404 541 1436 una
560 1395 631 1453 parte
649 1389 759 1438 destrae

309 1470 361 1510 rina
372 1459 481 1518 sinistra,
494 1455 509 1507 e
523 1475 559 1507 un
572 1460 705 1508 minimum
718 1459 758 1508 in-

308 1547 369 1582 vece
398 1531 444 1579 che
473 1530 544 1579 nella
570 1527 757 1594 complessiviti

310 1619 355 1652 sua
377 1597 391 1650 e
416 1616 468 1649 uno
493 1617 507 1650 e
534 1600 705 1650 inscindibile.
730 1602 760 1650 In

310 1681 400 1738 questo
419 1673 554 1720 minimum
578 1686 630 1719 non
654 1670 760 1720 sarebbe

307 1745 415 1808 dunque
443 1741 566 1807 possibile
596 1757 698 1806 pessare
727 1743 761 1792 da

309 1831 361 1864 una
373 1820 444 1878 parte
454 1813 537 1862 destra
546 1812 578 1860 ad
588 1827 639 1860 una
651 1812 759 1872 sinistra,

308 1881 413 1949 giacche
426 1891 517 1948 questo
527 1883 661 1931 minimum
672 1885 693 1931 si
705 1900 759 1948 pre·

309 1963 389 2013 senta,
414 1954 483 2003 nella
509 1951 687 2002 individuali&
705 1969 757 2014 sua,

308 2024 491 2090 inseparabile3
519 2039 616 2089 eppure
641 2024 660 2072 il
684 2040 762 2089 corpo

309 2113 362 2146 non
381 2093 471 2144 risulta
485 2094 531 2144 che
544 2095 570 2142 di
583 2094 647 2143 tanti
660 2095 685 2142 di
699 2111 761 2159 que·

311 2167 343 2216 sti
371 2167 515 2215 minimum.
543 2166 574 2213 In
602 2165 657 2229 pari
684 2166 761 2214 modo

309 2236 391 2286 anche
406 2235 556 2284 nell'atomo
568 2235 590 2284 ci
604 2236 666 2285 deve
679 2252 761 2286 essere

311 2323 346 2355 un
365 2306 507 2363 minimum,
527 2322 569 2354 ma
582 2314 673 2370 questo
685 2309 761 2356 mini·

311 2394 381 2426 mum
408 2373 422 2424 e
450 2377 468 2425 il
496 2378 630 2426 minimum
649 2377 762 2427 assoluto

310 2448 380 2498 della
399 2447 504 2498 materia
523 2464 538 2496 e
556 2447 644 2512 quindi
665 2448 691 2496 di
706 2465 762 2498 esso

311 2535 364 2568 non
373 2519 394 2568 si
404 2517 457 2584 pub
464 2519 597 2583 concepire
608 2519 672 2567 altra
681 2528 760 2584 parte.

348 2600 408 2654 750.
426 2592 567 2638 adsensus
593 2597 695 2638 nostros
713 2592 761 2639 mi·

311 2661 411 2710 nimum
430 2676 493 2709 esse:
516 2660 589 2724 Epic.
609 2657 626 2723 ἓ
645 2659 678 2723 58
703 2657 762 2710 ἐλά-

310 2747 398 2794 χιστον
416 2727 445 2779 τὸ
470 2726 498 2780 ir
516 2733 546 2794 τῇ
571 2726 700 2794 αἰσθήσει.
726 2756 760 2767 -·

310 2803 429 2851 videtur:
447 2801 492 2868 qui
510 2816 583 2851 come
603 2817 697 2866 spesso‚
713 2822 725 2846 ι
740 2802 761 2852 si

310 2872 379 2922 vede
396 2889 417 2920 ο.

348 2951 407 3005 751.
427 2943 539 2992 conicere
551 2948 583 2990 ut
595 2943 680 3006 possis
696 2959 757 2994 ece:

312 3013 385 3078 Epic.
404 3010 422 3076 ξ
439 3012 484 3077 58:
504 3009 584 3076 ταύτῇ
597 3017 628 3077 τῇ
640 3009 762 3078 ἀναλογίᾳ

311 3082 446 3146 νομιστέον
464 3079 509 3132 καὶ
528 3079 557 3132 τὸ
575 3080 603 3132 ἐν
621 3087 652 3148 τῇ
672 3081 762 3148 ἀτόμῳ

312 3150 445 3218 ἐλάχιστον
463 3152 619 3218 κεχρῆσθαι.

350 3234 410 3289 752.
427 3240 503 3274 vere:
528 3225 571 3278 nei
594 3225 675 3274 codici
694 3225 762 3290 dopo

313 3297 448 3345 consistere
458 3311 547 3345 manca
557 3296 582 3345 la
592 3296 679 3361 parola
686 3295 762 3346 finale

313 3366 356 3416 del
376 3382 456 3416 verso.
480 3368 519 3418 Fu
544 3367 657 3432 supplito
682 3367 761 3416 varia·

313 3443 399 3487 mente
408 3437 553 3501 (prorsum,
565 3439 649 3497 rebus,
659 3437 688 3486 in
700 3437 761 3496 illis,

308 3507 343 3556 id
358 3505 470 3571 horum).
489 3507 647 3558 Accettiamo
666 3507 685 3556 il
703 3523 763 3558 vere

312 3577 361 3627 che
379 3573 394 3625 ὲ
411 3577 454 3627 del
472 3578 671 3627 Winekelmann
689 3594 704 3628 e
720 3579 762 3629 del

313 3647 425 3714 Brieger,
438 3645 532 3714 perche
544 3663 600 3699 esso
610 3649 678 3700 dice:
695 3667 707 3694 ι
722 3665 763 3700 as·

813 1315 981 1366 solutamente
1012 1316 1120 1365 minimo
1147 1313 1174 1357 ι’
1190 1330 1267 1366 come

813 1388 858 1454 qui
877 1388 898 1436 si
917 1387 1035 1438 riehiede.
1050 1387 1160 1436 Ordine:
1181 1395 1267 1436 extre-

813 1475 883 1508 nenm
908 1459 979 1522 qnod
999 1459 1092 1506 habent
1118 1455 1171 1521 (eo)
1200 1473 1267 1522 quae

811 1547 864 1578 non
895 1531 953 1593 quis
984 1544 1094 1587 cernere,
1128 1529 1267 1576 consistere

813 1601 949 1649 minimum
966 1615 1034 1649 vere.

850 1669 939 1734 753·8.
959 1670 991 1720 Se
1010 1669 1174 1718 stabiliscono
1190 1683 1267 1718 come

814 1741 935 1791 elementi
946 1741 1031 1790 alcuni
1041 1741 1112 1805 corpi
1119 1741 1166 1789 che
1173 1740 1217 1788 noi
1223 1756 1266 1789 ve·

813 1813 899 1862 diamo
917 1812 1007 1876 perire.
1020 1811 1140 1860 debbono
1154 1818 1266 1859 ammet-

813 1891 866 1932 tere
877 1883 924 1932 che
933 1898 1009 1947 possa
1021 1882 1103 1946 perire
1113 1882 1129 1929 l'
1137 1881 1266 1930 universo.

813 1953 971 2019 Empedocle
999 1960 1150 2002 ammetteva
1174 1952 1266 2001 invece

815 2022 941 2074 l'eterniti
959 2023 1028 2073 della
1047 2023 1158 2081 materia,
1172 2023 1198 2070 la
1211 2038 1266 2071 me·

815 2095 931 2144 scolanza
941 2111 956 2145 e
965 2094 990 2143 la
999 2095 1191 2159 disgregazione
1204 2107 1266 2141 eon-

815 2166 885 2214 tinua
904 2166 930 2214 di
955 2181 1027 2228 essa;
1055 2165 1146 2230 quindi
1172 2163 1217 2229 qui
1239 2163 1266 2212 lo

814 2238 942 2286 combatte
960 2252 1009 2285 con
1027 2237 1052 2285 le
1070 2243 1149 2285 stesse
1168 2251 1214 2284 sue
1227 2251 1267 2284 ar-

814 2307 863 2357 mi:
882 2308 956 2372 Emp.
977 2307 1007 2356 fr.
1022 2306 1038 2355 8
1051 2307 1139 2356 Diels:
1161 2301 1268 2354 ἄλλοδέ

813 2394 852 2426 τοι
870 2374 952 2441 ἐρέω·
974 2375 1053 2440 φύσις
1071 2373 1178 2431 οὐδενός
1197 2372 1268 2425 ἔστιν

813 2445 936 2497 ἁπάντων
953 2445 1068 2510 θνητῶν.
1090 2443 1153 2496 οὐδέ
1167 2464 1205 2501 τις
1223 2443 1268 2496 οὗ·

813 2516 925 2582 λομένου
935 2517 1059 2568 θανάτοιο
1072 2514 1184 2582 τελευτή,
1193 2514 1267 2568 Ἀλλὰ

813 2588 894 2654 μόνον
912 2587 980 2652 μίξις
996 2607 1023 2638 τε
1036 2585 1166 2646 διάλλαξίς
1186 2606 1213 2637 τε
1225 2605 1267 2652 μι·

813 2658 911 2726 γέντων
926 2657 1003 2719 Fosi,
1023 2657 1101 2725 φύσις
1120 2658 1143 2708 δ’
1158 2656 1200 2708 ἐπὶ
1213 2664 1268 2714 τοῖς

809 2728 966 2793 ’ὀνομάζεται
986 2727 1175 2795 ἀνθρώποισιν.

850 2812 910 2866 753.
928 2804 1041 2852 accedit:
1059 2817 1137 2866 regge
1162 2802 1179 2849 l'
1189 2802 1270 2866 utqui

814 2873 856 2923 del
877 2889 899 2922 v.
919 2881 979 2936 755.

850 2953 910 3008 755.
930 2943 1078 3007 funditus:
1104 2938 1157 3007 pub
1185 2943 1269 2993 unirsi

814 3029 867 3068 eon,
887 3015 993 3062 mortali
1018 3015 1065 3064 che
1086 3014 1203 3078 precede,
1224 3029 1270 3063 ma

814 3085 921 3134 sarebbe
937 3101 996 3134 men
1008 3085 1119 3150 proprio,
1135 3081 1230 3150 perche
1242 3085 1270 3134 le

814 3155 915 3220 singole
924 3170 983 3205 cose
993 3171 1045 3206 non
1055 3155 1269 3220 perisconofun·

815 3228 892 3277 ditus.
912 3226 1086 3290 Ragionevole
1104 3222 1222 3276 einvece
1237 3241 1269 3275 u·

814 3297 880 3345 nirlo
899 3311 947 3346 con
965 3298 1003 3344 ad
1013 3298 1096 3346 nilum
1109 3297 1207 3366 reverti
1219 3297 1271 3347 che

815 3381 901 3431 segue.
922 3393 953 3403 -
972 3369 1049 3432 utqui
1065 3388 1099 3409 =
1115 3374 1154 3425 ut,
1167 3366 1208 3416 col
1221 3369 1274 3431 qui

815 3438 934 3489 enclitico
953 3438 1000 3488 che
1018 3434 1032 3486 ὲ
1052 3454 1115 3503 pure
1130 3438 1158 3486 in
1178 3439 1273 3501 atqui:

815 3509 860 3559 cfr.
876 3509 970 3558 Munro
982 3525 997 3558 a
1010 3525 1035 3574 q.
1049 3509 1066 3558 l.
1080 3508 1103 3556 11
1115 3508 1272 3558 Lachmann

814 3579 840 3628 al
859 3589 909 3644 753
935 3582 1031 3634 accedit
1054 3580 1114 3640 ulei,
1136 3596 1150 3629 e
1169 3578 1194 3628 al
1215 3587 1270 3643 755

814 3665 903 3714 usqne.
