2756 4294
395 326 437 368 DE
461 327 569 369 RERUM
593 326 735 374 NATURA.

84 471 144 513 nec
166 449 282 511 ratione
304 452 404 512 eluere
428 452 534 512 eadem
557 471 617 528 qua
641 461 758 512 constet
779 451 879 526 inane,

988 333 1049 374 101

983 457 1048 528 480

82 543 140 601 sed
163 539 258 618 magis
282 550 315 600 ut
337 539 444 599 merito
466 539 561 617 possis
585 550 692 600 eventa
714 559 823 602 vocare

84 629 231 708 eorporis,
256 639 346 706 atque
369 628 437 700 loci,
462 628 563 688 resin
587 647 648 706 quo
670 648 807 706 quaeque
829 640 978 706 gerantur.

131 721 267 796 Corpora
289 729 360 777 sunt
382 737 471 796 porro
493 717 601 795 partim
624 717 787 797 primordia
809 737 918 794 rerum,

86 806 195 884 partim
218 806 346 868 concilio
369 825 446 884 quae
470 816 607 866 constant
630 805 854 884 principiorum,

86 895 141 955 sed
165 913 243 972 quae
266 905 336 954 sunt
358 914 456 954 rerum
480 893 651 972 primordia,
676 897 760 954 nulla
781 905 881 974 potest
903 894 947 956 vis
983 900 1045 976 485

85 982 259 1061 stinguere:
295 1003 365 1044 nam
388 983 485 1043 solido
507 983 632 1044 vincunt
654 1003 689 1043 ea
712 1004 838 1062 corpore
861 985 994 1048 demum.

84 1071 142 1133 etsi
166 1071 287 1134 difficile
311 1091 375 1133 esse
398 1071 517 1132 videtur
539 1073 661 1133 credere
684 1071 843 1151 quicquam

83 1319 209 1372 elementi
227 1321 304 1386 primi
329 1337 343 1370 e
369 1321 537 1382 irriducibili;

81 1392 122 1456 gli
142 1391 187 1440 uni
207 1408 222 1441 e
243 1391 280 1454 gli
305 1391 363 1441 altri
389 1392 416 1440 in
441 1399 539 1458 quanto

84 1478 150 1512 sono
169 1463 284 1520 materia,
304 1463 415 1512 esistono
436 1472 537 1527 perse.

86 1534 131 1584 Gli
161 1541 250 1582 evento
281 1549 323 1582 no.
355 1534 395 1584 Gl’
407 1535 539 1600 interpreti

86 1605 223 1670 prendono
242 1605 286 1669 qui
300 1612 418 1653 constare
436 1606 468 1654 ed
487 1621 539 1654 esse

80 1691 158 1725 come
186 1675 316 1724 sinonimi.
346 1675 470 1725 Constare
493 1692 539 1741 per

84 1762 137 1795 esse
163 1741 178 1792 ὲ
208 1745 342 1811 frequente
370 1761 457 1811 presso
485 1747 538 1795 Lu·

83 1816 184 1873 credo:
213 1833 254 1864 ma
283 1817 328 1880 qui
351 1816 370 1864 il
396 1816 539 1880 significato

84 1889 186 1937 diverso
206 1883 220 1935 ὲ
239 1888 350 1952 imposto
366 1887 409 1936 dal
422 1888 537 1952 disgiun-

83 1960 138 2008 tivo
167 1974 255 2021 neque.
282 1958 313 2006 V.
334 1965 395 2007 nota
419 1975 435 2007 a
452 1958 503 2020 483
525 1976 539 2009 e

84 2031 142 2080 Rio.
165 2029 193 2076 di
212 2029 287 2078 Filol.
307 2028 403 2088 XXXI,
423 2047 448 2094 p.
471 2044 510 2079 10.

119 2097 181 2161 480.
192 2103 291 2148 eadem:
302 2099 428 2148 disillabo.
440 2102 537 2150 Eadem

83 2168 99 2220 ὲ
117 2171 136 2219 il
155 2171 268 2218 secondo
286 2171 361 2235 piede
380 2171 449 2220 dello
463 2188 539 2238 spon·

83 2244 141 2292 deo.
162 2242 267 2303 Quanto
286 2259 301 2290 a
319 2241 403 2290 cluere
428 2259 451 2292 v.
477 2250 539 2292 nota

82 2331 98 2363 a
117 2325 179 2374 449.
200 2312 260 2360 Non
280 2312 302 2360 si
321 2308 374 2377 pud
395 2313 448 2362 dire
468 2315 538 2377 degli

82 2390 173 2433 eventa
186 2382 238 2431 allo
252 2390 332 2432 stesso
346 2384 423 2432 modo
436 2385 483 2434 che
493 2385 536 2435 del

79 2462 162 2504 vuoto
189 2451 250 2519 (che
277 2450 333 2504 clod
365 2450 380 2502 ὲ
407 2471 443 2504 un
472 2452 536 2505 καθ’

80 2523 176 2588 αὑτό).

118 2595 181 2660 481.
201 2604 248 2645 ut:
265 2595 432 2646 sottintendi:
450 2613 480 2645 ea
494 2613 537 2646 ra·

79 2669 151 2717 -tione
171 2669 256 2716 cluere
274 2674 311 2738 ιιι.

118 2737 249 2801 483·502.
269 2739 291 2787 E
309 2739 328 2786 il
353 2739 468 2803 proemio
486 2739 537 2788 alla

82 2809 280 2858 dimostrazione
312 2810 381 2874 degli
409 2811 497 2860 atomi.
525 2811 538 2859 I

82 2880 155 2944 corpi
175 2895 239 2928 sono
254 2895 269 2927 o
283 2881 361 2930 atomi
375 2896 390 2927 o
403 2881 536 2944 aggregati

83 2951 109 2998 di
119 2951 208 2999 atomi.
219 2950 262 3000 Gli
273 2954 351 3000 atomi
362 2951 447 3000 hanno
457 2967 536 3016 corpo

81 3021 172 3080 solido,
194 3037 208 3070 e
227 3017 282 3070 cioe
301 3038 353 3070 non
372 3030 536 3085 contengono

83 3092 272 3142 internamente
286 3092 303 3140 il
318 3102 404 3150 vuoto.
418 3111 432 3142 e
445 3093 535 3158 quindi

82 3179 146 3211 sono
157 3162 317 3212 irridueibili.
331 3163 411 3212 Come
430 3160 482 3228 pud
497 3180 535 3214 es·

79 3249 122 3283 ser
140 3233 201 3283 cio?
221 3234 399 3298 L'esperienza
416 3251 462 3300 par
475 3251 536 3283 con·

83 3311 208 3366 trastare;
227 3300 332 3367 giacche
351 3321 413 3370 pure
436 3307 444 3353 i
464 3305 536 3370 corpi

82 3372 126 3440 pili
146 3375 205 3424 duri
223 3375 246 3424 si
265 3375 383 3424 dissanno
407 3377 432 3425 ol
451 3376 534 3436 iunco,

79 3462 97 3495 e
115 3461 180 3494 sono
199 3448 357 3496 attraversati
376 3447 418 3495 dal
437 3447 534 3509 froddo,

83 3513 139 3565 clod
158 3525 323 3580 contengono
345 3526 439 3578 vuoto5
463 3533 536 3567 come

80 3587 187 3636 l'atomo
206 3588 403 3652 impercettibile
422 3585 477 3638 sard
495 3588 535 3637 in-

80 3658 214 3709 domabile
225 3667 314 3708 contro
328 3658 475 3726 qualemque
485 3659 536 3708 ior·

593 1322 640 1368 za?
669 1320 735 1371 Tale
763 1317 777 1369 ὲ
802 1320 828 1369 la
852 1320 1049 1374 dimostrazione

593 1391 639 1439 che
659 1391 681 1440 si
699 1389 753 1441 fari
771 1393 814 1441 nei
833 1392 898 1440 versi
922 1394 1048 1456 segueuti.

628 1461 689 1525 483.
709 1463 808 1524 Questo
827 1477 898 1510 verso
927 1479 942 1513 e
966 1464 985 1512 il
1009 1481 1047 1514 se·

593 1541 688 1596 guente
707 1533 793 1582 hanno
819 1540 899 1582 esatto
924 1535 1049 1585 riscontro

594 1604 621 1652 in
640 1603 761 1668 Epicuro,
776 1619 863 1668 presso
877 1604 954 1668 Diog.
968 1605 998 1655 L.
1012 1606 1045 1670 X,

592 1688 643 1736 40:
664 1677 717 1722 τῶν
736 1671 869 1737 σωμάτων
881 1671 912 1724 τὰ
929 1671 977 1738 μὲν
993 1672 1047 1726 ἔστι

593 1743 750 1809 συγκρίσεις,
764 1741 794 1794 ιὰ
808 1743 832 1794 δ’
846 1742 875 1803 ἐξ
889 1741 928 1794 ὧν
946 1744 976 1795 αἶ
985 1762 1047 1812 συγ-

593 1813 692 1880 κρίσεις
704 1815 864 1880 κακοίηνται.
879 1843 912 1852 -
928 1819 1045 1868 concilio:

593 1883 607 1935 ὲ
627 1887 715 1952 parole
741 1888 839 1937 tecnica
862 1887 890 1936 in
915 1889 1046 1938 Lucrezio.

596 1958 710 2007 Concilio
723 1974 786 2007 sono
800 1959 836 2022 gli
847 1959 978 2022 aggregati
992 1966 1048 2008 ato·

593 2028 661 2087 mici,
681 2027 837 2093 συγκρίσεις.
855 2030 985 2078 Abbiamo
1003 2029 1047 2095 giu

593 2099 659 2148 visto
678 2101 705 2148 in
724 2101 745 2159 1,
769 2100 816 2164 183
841 2101 968 2150 chiamato
988 2117 1047 2150 con-

593 2171 681 2219 cilium
692 2172 804 2236 genitale
817 2172 1045 2237 quell’aggregarsi

592 2241 634 2314 dei
647 2243 721 2300 semi,
732 2243 800 2292 onde
810 2243 933 2292 risultano
947 2243 955 2292 i
965 2244 1044 2309 corpi.

592 2315 615 2365 E
628 2312 660 2361 da
674 2321 762 2363 notare
778 2314 805 2362 in
820 2315 901 2379 questi
914 2314 964 2362 due
978 2315 1044 2364 versi

592 2399 665 2432 come
685 2399 730 2448 per
755 2384 791 2447 gli
817 2385 896 2433 atomi
920 2385 1045 2434 Lucrezio

592 2454 697 2519 adoperi
716 2454 735 2502 il
748 2455 826 2504 verbo
840 2462 911 2512 sunt,
928 2471 942 2504 e
956 2455 1046 2506 invece

592 2541 638 2589 per
656 2525 692 2588 gli
712 2525 846 2590 aggregati
865 2525 968 2575 atomici
983 2527 1044 2575 ado·

591 2597 647 2660 peri
666 2603 803 2654 constant,·
822 2596 840 2644 il
853 2597 900 2645 che
913 2595 1044 2646 conferma

590 2666 617 2715 la
643 2673 730 2715 nostra
760 2667 972 2732 interpretazione
1003 2667 1046 2717 del

591 2753 614 2786 V·
632 2748 694 2798 479·

628 2807 719 2872 485·6.
740 2807 792 2858 Cir.
812 2808 885 2873 Epic.
909 2824 947 2873 pr.
966 2809 1044 2872 Diog.

592 2879 623 2928 L.
643 2880 675 2938 X,
695 2893 747 2940 40:
774 2881 853 2928 ταῦτα
878 2874 902 2928 δ’
928 2875 984 2929 ἐστί
1015 2877 1044 2930 ἄ-

591 2967 657 3011 ισμα
689 2947 735 2998 καὶ
766 2946 938 3014 ἀμειάβληια,
972 2948 1045 3017 εἴπερ

590 3016 628 3084 μὴ
647 3017 733 3082 μέλλει
751 3017 835 3070 πάντα
854 3018 890 3076 εἰς
908 3017 937 3070 τὸ
957 3017 995 3086 μὴ
1015 3020 1046 3072 ὄν

591 3087 779 3155 φθαρήσεσθαι
798 3089 884 3156 (nulla
902 3101 988 3157 potest
1004 3095 1045 3142 vis

590 3160 743 3227 stinguere),
763 3159 819 3211 ἀλλ’
839 3159 961 3225 ἰσχύοντα
980 3161 1044 3213 ὑκο-

589 3229 676 3295 μέκειν
703 3229 730 3281 ἐκ
755 3237 810 3288 ταῖς
835 3230 966 3283 διαλύσεσι
991 3237 1045 3283 τῶν

590 3301 762 3368 συγκρίσεων,
781 3301 869 3368 πλήρη
891 3301 938 3368 τὴν
964 3302 1046 3368 φύσιν

590 3371 650 3423 ὄντα
670 3374 762 3428 (solido
786 3377 898 3424 vincunt
916 3373 1044 3440 corpore).

626 3442 685 3506 487.
711 3447 848 3509 quicquam
876 3446 988 3508 reperiri
1013 3447 1045 3494 in

590 3519 665 3564 rebus
684 3535 720 3555 =
738 3519 808 3566 inter
826 3533 875 3574 res,
889 3512 945 3565 cioe
961 3517 1047 3566 ullam

590 3603 644 3636 rem
663 3589 776 3650 reperiri
789 3595 871 3652 porse.
