2778 4286
304 294 364 367 176

643 307 673 352 T.
698 303 832 348 LUCRETI
856 305 928 348 CAR!

304 430 403 494 omnis
426 429 505 492 enirn
528 432 612 492 locus
635 451 671 491 ac
693 429 831 510 spatium,
857 431 940 507 quod
964 428 1051 490 inane
1073 450 1216 499 vocamus,

304 541 358 600 per
376 520 519 593 medium,
544 539 598 598 per
620 540 683 580 non
698 518 842 591 medium,
860 520 1028 580 concedere
1051 521 1132 579 debet
1183 535 1267 598 1075

305 629 402 688 aeque
424 608 618 688 ponderibus,
643 618 742 669 motus
765 626 824 684 qua
847 627 977 684 cumque
999 609 1155 683 seruntur;

305 718 362 760 nec
385 697 542 776 quisquam
566 701 650 760 locus
674 707 725 770 est,
752 716 813 773 quo
838 717 963 774 corpora
985 715 1054 758 cum
1077 707 1234 772 venerunt,

304 785 446 866 ponderis
469 786 576 847 amissa
598 786 628 846 vi
650 785 766 866 possint
788 794 865 845 stare
888 785 920 844 iu
942 784 1037 860 inani,

306 896 363 937 nec
385 877 467 953 quod
490 875 580 936 inane
603 885 730 936 autemst
753 874 806 934 ulli
830 873 989 935 subsistere
1012 876 1114 947 debet,

306 965 390 1043 quin,
414 983 468 1025 sua
490 967 572 1042 quod
595 976 700 1024 natura
723 963 807 1042 petit,
832 965 1000 1024 concedere
1023 974 1136 1042 pergat.
1181 968 1265 1025 1080

300 1229 365 1280 altra
384 1227 542 1294 meniera(e
528 1224 617 1279 ecioe
636 1244 652 1276 o
671 1228 755 1294 peril

299 1300 403 1368 proprio
428 1316 498 1365 peso,
519 1315 599 1366 oper
623 1299 753 1363 rimbalzo,

300 1387 316 1420 ο
333 1388 379 1436 per
390 1370 469 1435 ictus)
481 1387 583 1422 esserne
601 1371 685 1437 spinte
698 1370 755 1420 lon·

299 1448 369 1492 tarro.

337 1513 509 1576 1074-1076.
547 1510 679 1578 Proprietd
712 1513 754 1561 del

299 1591 378 1635 vuoto
403 1579 527 1643 ὲ1ἐῖξις
552 1581 607 1633 αἰοὲ
626 1584 645 1632 il
663 1583 754 1634 cedere

300 1657 325 1706 al
337 1672 407 1722 peso.
424 1656 538 1721 Dunque
550 1656 631 1705 anche
644 1655 663 1703 il
676 1662 754 1704 ναοῖο

300 1728 347 1778 che
376 1723 390 1775 ὲ
417 1734 555 1776 attraverso
582 1727 601 1776 il
629 1733 754 1790 supposto

299 1806 381 1866 punto
394 1798 480 1848 medio
493 1798 552 1846 dell'
560 1798 679 1848 universo
689 1797 753 1846 deve

299 1870 390 1920 cedere
418 1869 460 1917 all’
474 1869 600 1919 universo.
629 1869 689 1916 Non
719 1868 753 1917 ha

300 1940 390 2006 quindi
409 1939 514 2004 ragione
533 1941 559 1988 di
585 1956 668 1989 essere
687 1939 703 1986 l'
716 1947 752 1988 at·

300 2011 412 2061 trazione
437 2011 463 2060 al
488 2018 583 2061 centro.
610 2009 653 2060 Gli
679 2011 753 2058 stoici

300 2087 447 2132 veramente
460 2088 627 2130 sostenevano
640 2080 700 2130 nell¹
711 2080 752 2129 in·

300 2160 372 2204 terno
399 2152 458 2200 dell'
471 2152 588 2200 universo
610 2166 662 2199 non
686 2167 754 2201 esser

299 2231 385 2282 teneto,
403 2239 471 2272 esser
489 2221 562 2272 bensi
582 2225 638 2272 tutt’
651 2223 753 2271 intorno

299 2311 343 2344 ma
362 2294 378 2343 l’
389 2293 611 2357 argomentnzione
629 2309 682 2342 non
695 2310 754 2342 mu-

299 2373 341 2416 ta:
374 2366 395 2414 si
426 2380 560 2430 supponga
592 2381 656 2430 pure
687 2372 753 2416 tutto

299 2443 429 2502 eompatto
454 2436 473 2484 il
498 2437 610 2488 mondo:
636 2436 656 2484 il
675 2444 753 2485 vuoto

299 2524 315 2556 ο
333 2508 380 2557 che
396 2507 433 2572 gli
452 2507 500 2556 stia
512 2507 536 2554 d'
548 2507 651 2557 intorno
670 2522 686 2555 o
706 2507 753 2556 che

298 2579 335 2642 gli
354 2579 421 2644 passi
442 2585 579 2626 attraverso
595 2578 639 2627 nel
658 2594 750 2637 mezzo,

298 2651 362 2700 deve
376 2649 465 2699 cedere
478 2649 585 2708 adesso,
597 2665 610 2698 e
624 2649 642 2697 il
656 2650 752 2697 mondo

298 2721 388 2770 cadere
416 2721 443 2768 in
472 2715 526 2782 giis.
550 2719 601 2768 Nel
629 2735 652 2768 v.
684 2731 752 2782 1074

298 2808 419 2840 vocamus
438 2787 453 2838 ὲ
472 2791 556 2838 sicuro
569 2789 751 2854 supplemento

298 2862 340 2912 del
360 2862 487 2922 Marullo;
507 2861 551 2909 nel
567 2868 690 2924 seguente
710 2861 751 2910 de-

299 2935 339 2982 bet
350 2933 378 2980 su
391 2932 506 2997 supplito
521 2932 563 2980 dal
582 2931 750 2981 Wackefield.

337 3013 412 3067 1075.
430 3012 478 3066 per
491 3019 544 3051 non
563 3003 690 3051 medium:
712 3020 751 3052 ar·

297 3074 350 3123 dita
381 3073 556 3124 costruzione:
587 3089 610 3122 v.
643 3074 751 3139 esempii

297 3144 376 3194 simili
407 3145 449 3194 nel
480 3144 590 3195 Munro:
622 3145 649 3194 di
675 3145 751 3195 Lucr.

296 3216 342 3267 cfr.
367 3218 401 3276 11,
425 3229 490 3278 930:
513 3235 524 3258 e
546 3215 578 3264 ex
597 3232 649 3264 mm
673 3217 752 3266 sensi·

294 3289 344 3338 ¹bus
366 3301 472 3351 se932
494 3307 506 3331 ι
527 3302 544 3334 α
563 3303 616 3334 non
629 3303 706 3335 sensu
729 3307 751 3336 ι.

335 3359 410 3420 1076.
439 3373 537 3423 aeque:
565 3374 611 3422 per
638 3357 752 3423 Epicuro

296 3430 356 3480 tutti
382 3431 389 3478 i
412 3430 483 3494 corpi
501 3431 587 3478 hanno
611 3429 654 3478 nel
673 3436 751 3479 vuoto

296 3500 321 3549 la
341 3501 480 3551 medesima
499 3495 616 3559 veronna,
635 3507 751 3564 appunto

296 3569 388 3637 perche
404 3572 447 3622 nel
460 3579 536 3622 vuoto
550 3571 638 3620 niente
656 3571 688 3618 ad
702 3571 750 3621 essi

294 3643 316 3692 si
343 3659 462 3710 oppone;
488 3643 533 3692 cfr.
560 3658 599 3708 pr.
622 3642 698 3708 Diog.
718 3642 749 3692 L.

811 1227 844 1286 X,
864 1227 913 1277 61:
933 1223 986 1276 Καὶ
1003 1221 1058 1292 μὴν
1078 1223 1124 1277 καὶ
1137 1223 1270 1292 ἰσοταχεῖς

810 1295 953 1362 ἀναγκαῖον
980 1293 1025 1354 τὰς
1054 1294 1168 1362 ἀτόμους
1190 1294 1269 1360 εἶναι,

809 1367 872 1419 ὅταν
891 1367 934 1419 διὰ
953 1372 999 1419 τοῦ
1021 1373 1101 1419 κενοῦ
1119 1366 1267 1434 εἰσφέρων-

810 1458 851 1490 ται
860 1436 1002 1505 μηθενὸς’
987 1437 1195 1500 ανιικόιιταντος,
1206 1437 1269 1491 οὔτε

809 1507 859 1577 γὰρ
877 1509 908 1562 τὰ
926 1509 1010 1576 βαρέα
1028 1509 1126 1561 θᾶττον
1142 1507 1268 1576 οἰσθήσε-

809 1600 850 1632 ται
870 1585 923 1632 τῶν
940 1586 1049 1648 μικρῶν
1073 1579 1119 1632 καὶ
1140 1581 1269 1647 κούφων,

809 1651 871 1703 ὅταν
888 1671 917 1719 γε
935 1650 969 1719 δὴ
987 1649 1072 1718 μηδὲν
1096 1650 1199 1718 ἀπαντᾷ
1217 1651 1267 1704 αὖ·

808 1729 872 1784 ταῖς,
904 1721 964 1774 οὔτε
991 1721 1022 1775 τὰ
1053 1721 1137 1788 μικρὰ
1165 1721 1268 1790 βραδύ·

808 1813 885 1859 τερον
902 1799 955 1845 τῶν
973 1791 1103 1860 μεγάλων,
1115 1791 1199 1845 πάντα
1218 1793 1268 1846 πό·

807 1883 855 1932 ρον
889 1864 1037 1932 σύμμετρον
1071 1863 1173 1931 ἔχοντα,
1203 1864 1270 1917 ὅταν

807 1933 894 2002 μηθὲν
906 1934 975 2002 μηδὲ
987 1935 1097 1993 ἐκείνως
1111 1933 1264 2003 derandum.

808 2008 860 2059 Cir.
881 2010 961 2059 anche
974 2009 1055 2059 scolio
1074 2026 1089 2058 a
1108 2005 1173 2074 §43
1193 2007 1231 2075 (p.
1248 2007 1269 2058 8

809 2079 914 2140 Usener,
936 2078 1086 2144 Epicurea).

848 2161 922 2213 1077.
953 2152 1088 2216 quisquam
1119 2151 1210 2200 locus:
1242 2151 1266 2200 si

808 2223 987 2288 aspetterebbe
1008 2221 1080 2270 ullus
1104 2221 1197 2281 locus,·
1223 2238 1268 2271 ma

808 2293 937 2359 frequenti
956 2293 1063 2357 esempii
1088 2293 1110 2341 si
1130 2293 1218 2342 hanno
1238 2293 1266 2341 di

808 2367 947 2428 quisquam
983 2364 1122 2429 adoperuto
1158 2364 1186 2412 in
1219 2378 1268 2414 uso

808 2434 970 2499 aggettivale.

847 2505 923 2568 1078.
939 2514 1024 2556 stare:
1042 2505 1133 2571 quindi
1146 2521 1266 2571 ueppure

807 2577 832 2627 le
857 2578 930 2637 erere,
956 2577 1087 2642 malgrado
1113 2577 1226 2626 abbiano
1246 2577 1267 2626 il

807 2649 863 2698 loro
887 2656 983 2708 centro,
1009 2663 1121 2714 possono
1148 2649 1266 2698 sottrarsi

806 2718 857 2767 alla
876 2718 952 2782 legge
970 2718 996 2768 di
1015 2719 1196 2783 gravitazione.

846 2800 923 2851 1079.
937 2791 1073 2839 subsistere
1086 2792 1167 2853 quin:
1185 2809 1197 2833 c
1211 2785 1267 2854 pud

807 2860 846 2909 sar
869 2877 944 2910 senza
962 2860 989 2908 di
1008 2878 1035 2922 »3
1062 2876 1105 2909 rna
1129 2856 1176 2925 pin
1194 2861 1264 2909 chia·

806 2938 920 2982 rameute
945 2931 971 2978 in
1001 2932 1027 2982 II
1050 2940 1101 2995 235
1131 2948 1146 2980 e
1172 2946 1264 2995 segga

806 3018 889 3064 neque
907 3002 960 3050 ullo
980 3003 1106 3066 Tempore
1118 3003 1198 3052 inane
1218 3010 1265 3066 po·

807 3079 857 3122 test
865 3088 976 3120 vacuum
987 3073 1125 3122 subsistere
1135 3073 1181 3130 rei,
1192 3073 1269 3133 Quin

806 3159 855 3192 sua
874 3144 946 3207 quod
961 3151 1060 3194 natura
1081 3145 1156 3207 petit,
1176 3159 1265 3192 conce·

806 3215 866 3262 dere
880 3221 977 3280 pergat
995 3232 1008 3256 ι
1034 3233 1046 3257 ι
1066 3213 1106 3263 far
1124 3214 1264 3263 resistenza

807 3285 833 3333 al
851 3299 930 3350 corpo
946 3291 1059 3350 pesante‚
1073 3301 1119 3350 per
1138 3285 1217 3334 modo
1230 3285 1266 3334 de

806 3370 860 3406 non
874 3355 978 3406 lasciare
991 3355 1010 3404 il
1025 3363 1099 3420 posto
1113 3356 1145 3404 sd
1165 3371 1222 3406 esso
1239 3373 1265 3408 ι.

846 3425 921 3476 1080.
940 3443 988 3474 sua
1008 3427 1079 3491 qued
1094 3434 1193 3476 natura
1216 3433 1265 3490 pe·

807 3499 856 3548 tit:
882 3497 901 3546 il
924 3498 1089 3548 coniunctum
1113 3497 1157 3548 del
1183 3503 1269 3546 ναοῖο

806 3564 820 3617 ὲ
847 3563 946 3627 1ἐῖξις,
975 3568 991 3616 1’
1002 3569 1124 3631 intactus,
1155 3568 1213 3619 vedi
1242 3567 1265 3618 il

805 3655 878 3690 verso
896 3649 957 3704 454.
