2778 4286
450 317 492 360 DE
516 315 625 362 RERUM
648 318 788 362 NATURA.

139 445 221 506 unde
244 442 326 522 prius
348 442 423 502 nulli
446 441 572 502 velarint
594 453 731 521 tempora
753 460 871 519 musae;

963 301 973 324 ⁹
1033 305 1090 363 161

1035 465 1098 523 93ο

141 533 270 612 primurn
295 534 377 609 quod
394 531 508 609 magnis
532 533 628 592 doceo
652 535 689 592 de
713 535 803 594 rebus
826 543 856 592 et
878 530 947 593 artis

140 621 318 700 religionum
342 621 473 680 animum
497 621 585 680 nodis
608 623 761 682 exsolvere
785 641 886 699 pergo,

139 710 253 771 deinde
277 712 359 787 quod
383 711 510 770 obscura
533 711 571 769 de
594 730 626 770 re
649 720 710 772 tam
733 710 833 771 lucida
855 729 955 788 pango

139 799 281 873 earmina,
307 818 428 858 musaeo
452 797 628 876 contingens
651 810 757 860 cuncta
780 803 891 877 lepore.

141 887 173 948 id
197 906 318 966 quoque
341 887 421 947 enim
444 907 508 947 non
530 889 569 947 ab
592 889 675 948 nulla
697 888 813 948 ratione
836 887 967 948 videtur:
1036 906 1096 967 935

138 978 193 1037 sed
217 975 310 1036 veluti
331 975 431 1054 pueris
453 974 603 1036 absinthia
625 987 718 1036 taetra
740 977 896 1036 medentes

138 1086 209 1127 cum
234 1066 305 1125 dare
328 1075 482 1138 conantur,
508 1063 590 1142 prius
614 1085 687 1139 oras,
712 1068 820 1142 pocula
843 1065 965 1140 circum,

139 1153 319 1232 contingunt
341 1153 438 1214 mellis
460 1153 541 1214 dulci
564 1155 701 1230 flavoque
723 1155 849 1232 liquore,

140 1253 174 1302 ut
195 1261 358 1320 puerorum
381 1254 462 1302 aetas
487 1241 644 1320 inprovida
666 1242 834 1304 ludificetur
905 1301 907 1304 .

139 1333 294 1392 labrorum
317 1341 414 1406 tenus,
438 1330 552 1391 interea
575 1340 713 1410 perpotet
735 1351 869 1392 amarum

1036 1353 1101 1409 940

140 1419 273 1481 absinthi
296 1419 424 1494 laticem,
449 1420 634 1497 deceptaque
656 1439 719 1479 non
741 1420 882 1498 capiatur,

140 1510 195 1570 sed
218 1509 319 1588 potius
341 1508 393 1568 tali
416 1519 504 1586 paeto
527 1518 658 1570 recreata
681 1511 818 1582 valescat,

175 1824 236 1876 934.
247 1825 351 1860 musaea
360 1812 509 1876 contingens
517 1827 593 1860 cunc·

138 1891 167 1933 ta
186 1884 289 1946 lepore:
317 1901 327 1926 c
353 1889 419 1932 tutto
446 1881 593 1934 adornando

138 1953 206 2002 colle
221 1953 304 2016 grazie
318 1953 385 2004 delle
398 1953 472 2002 Muse
488 1970 509 2001 ι.
528 1953 592 2001 Can-

137 2025 237 2089 tingere
256 2024 321 2087 alqa'
336 2024 396 2087 alqa
415 2039 444 2072 re
458 2019 472 2070 ὲ
486 2023 593 2073 termine

139 2095 292 2158 tecnicoper
304 2110 443 2161 «spargere
454 2109 553 2160 sopra...
565 2113 590 2156 »;

136 2164 191 2216 cosi
203 2165 285 2222 Ovio..
297 2166 359 2217 Met.
371 2167 404 2224 11,
420 2177 480 2229 123:
494 2185 505 2208 ι
519 2182 591 2216 ara...

135 2236 303 2285 medicamine
322 2230 430 2300 contigit
450 2255 471 2285 ι.

146 2333 149 2336 -
175 2315 237 2370 935.
256 2323 309 2355 non
328 2309 359 2355 ab
378 2307 452 2354 mella
474 2308 592 2355 ratione:

140 2398 151 2422 ι
167 2378 249 2426 anche
268 2384 359 2441 questo
378 2393 430 2426 non
443 2377 478 2425 mi
492 2376 593 2426 sembra

138 2465 208 2498 esser
227 2447 299 2513 privo
321 2448 347 2496 di
373 2448 477 2512 ragione
506 2466 527 2496 ι.
555 2447 593 2496 La

136 2520 204 2570 irase
224 2519 341 2584 equivale
368 2520 472 2584 dunque
502 2535 517 2567 a
540 2535 593 2566 nan

136 2598 238 2647 temere,
258 2586 314 2638 ciue
333 2606 390 2638 cum
409 2591 499 2652 aliqua
512 2590 592 2638 ratia-

136 2677 177 2710 ne.
196 2659 260 2708 L'A.
274 2661 350 2710 vuole
363 2659 526 2724 giustificarsi
539 2660 591 2710 del-

135 2732 259 2796 l'esporre
278 2731 305 2780 in
321 2731 408 2797 poesia
423 2731 431 2779 i
444 2731 553 2796 precetti
566 2731 592 2779 di

136 2801 258 2868 Epicuro.
279 2798 389 2852 Giacche
409 2803 521 2868 Epicuro
534 2803 592 2852 rite·

135 2889 202 2922 neva
221 2875 357 2938 pericolosi
376 2874 385 2922 i
410 2874 487 2938 poeti,
517 2889 590 2923 come

137 2944 262 2994 turbatori
293 2945 320 2993 di
349 2945 436 3009 quello
466 2951 533 2995 stato
564 2945 590 2994 di

137 3015 273 3080 quetismo‚
300 3017 327 3064 in
352 3016 398 3065 che
423 3015 475 3079 egli
503 3017 590 3066 saceva

135 3085 275 3138 consistere
294 3087 319 3136 la
338 3083 442 3136 felicita.

171 3156 297 3222 936·938.
318 3157 408 3221 Questi
433 3158 498 3207 versi
527 3173 590 3206 sono

135 3226 208 3277 citati
227 3229 259 3278 da
272 3229 441 3292 Quintiliano,
458 3231 526 3279 Inst.
544 3229 589 3279 Or.

136 3299 184 3358 ΠΙ,
207 3312 228 3358 1,
248 3314 273 3361 4,
292 3316 342 3350 con
355 3301 463 3366 qualche
482 3297 588 3360 varietlu

135 3369 169 3418 ad
187 3386 233 3420 es:
263 3372 404 3436 adspirant
427 3387 472 3436 per
491 3371 589 3420 contin-

130 3449 203 3506 gunt
220 3441 244 3490 al
262 3458 285 3492 v.
305 3441 365 3505 938.

172 3511 234 3576 936.
252 3513 381 3562 absinthia
400 3520 483 3562 taetra
506 3512 589 3561 «las-

134 3584 221 3632 senzio
240 3599 327 3632 amaro
343 3601 370 3646 »3
390 3584 435 3633 cfr.
448 3600 494 3648 per
509 3591 589 3632 taeter

132 3655 168 3715 11,
189 3664 250 3719 510.
270 3681 304 3691 -
323 3656 467 3706 medentes:
495 3654 540 3720 qui
561 3654 588 3704 in

648 1826 695 1860 uso
714 1811 877 1878 sostantivale
892 1831 902 1854 ι
918 1812 1005 1860 coloro
1019 1812 1066 1862 che
1079 1812 1098 1861 li

648 1897 751 1941 corano,
771 1882 780 1930 i
800 1883 893 1932 medici
914 1901 936 1933 a.

684 1967 743 2018 937.
764 1970 831 2012 aras,
858 1953 954 2018 pocula
981 1953 1101 2004 circum:

650 2043 662 2066 ι
683 2025 720 2087 gli
739 2024 794 2084 orli,
814 2030 881 2074 tutto
893 2025 995 2074 intorno
1009 2023 1033 2073 al
1046 2025 1100 2074 bic·
1115 2017 1118 2028 ’

648 2095 733 2145 chiere
757 2113 778 2144 ›.

684 2165 743 2230 938.
754 2167 922 2232 contingant:
934 2167 992 2216 vedi
1002 2166 1026 2214 la
1039 2173 1101 2216 nota

648 2237 671 2285 al
691 2239 839 2302 contingens
858 2236 893 2302 (v.
912 2236 983 2301 934).
1011 2237 1100 2300 Quelli

648 2308 701 2365 che,
713 2309 843 2370 seguendo
855 2309 1023 2370 Quintiliano,
1037 2309 1101 2358 han·

648 2393 681 2426 no
700 2379 840 2441 adspirant
866 2381 989 2443 spiegano
1009 2386 1101 2443 questo

647 2448 738 2496 verbo:
762 2467 773 2490 ι
788 2449 863 2496 adare
876 2456 901 2497 et
912 2457 1004 2512 sapore
1018 2450 1100 2498 mellis

647 2520 759 2566 imbuere
778 2536 800 2566 a.
826 2519 848 2567 Il
875 2519 1004 2570 Lambino
1029 2518 1099 2568 edil

648 2588 792 2638 Wakefield
817 2605 957 2655 supposero
982 2586 1044 2655 pero
1064 2590 1100 2639 tal

647 2660 746 2710 lezione
776 2667 836 2709 nata
866 2661 898 2710 da
930 2662 1099 2725 adspergunt,

637 2732 772 2795 .aggiunto
792 2731 1004 2795 marginalmente
1026 2746 1100 2780 come

648 2804 732 2866 glossa
748 2820 762 2851 a
775 2803 892 2868 spiegare
904 2803 922 2851 il
936 2804 1099 2867 contingunt.

682 2887 742 2937 939.
762 2875 915 2938 inprovida:
936 2893 947 2917 ι
967 2873 1099 2939 semplice,

645 2945 758 3008 ingenua
780 2963 801 2994 a.
827 2972 856 2982 ν-
878 2944 1040 3009 ludificetur:
1053 2959 1099 2994 an·

645 3017 692 3065 che
720 3016 746 3063 in
771 3032 846 3080 prosa
871 3031 934 3064 sono
962 3016 1099 3080 adoperute

644 3086 669 3135 le
689 3087 739 3135 due
759 3085 850 3147 forme,
869 3087 966 3136 l'attiva
985 3098 999 3136 e
1018 3087 1043 3135 la
1055 3087 1099 3135 de·

645 3164 765 3222 ponente.
785 3157 837 3220 Qui
855 3158 874 3207 il
892 3159 971 3208 verbo
998 3153 1013 3204 ὲ
1031 3156 1099 3222 posi·

644 3229 709 3279 tivo:
733 3248 744 3272 ι
766 3229 803 3277 sia
818 3235 893 3278 tratta
904 3229 932 3278 in
945 3231 1059 3292 inganno
1075 3245 1098 3277 ².

681 3311 740 3362 942.
761 3300 810 3348 tali
822 3307 899 3364 pacta
920 3319 932 3342 c
948 3299 976 3347 in
995 3297 1030 3368 tal
1043 3313 1098 3347 mo-

644 3370 685 3429 do,
705 3371 732 3419 in
751 3370 844 3420 siffatta
868 3371 942 3434 gulsa
963 3389 986 3420 ι.
1014 3369 1036 3418 Ε
1060 3368 1097 3420 le·

644 3441 717 3490 aione
736 3441 918 3505 congetturale,
940 3439 1066 3490 sostituita
1080 3456 1096 3488 a

644 3513 694 3561 tali
708 3501 785 3576 faita
812 3527 828 3560 o
856 3512 905 3561 tali
929 3517 1028 3561 attactu
1056 3510 1098 3560 dei

644 3598 718 3632 mser.
738 3583 770 3634 V.
790 3582 809 3630 il
827 3582 983 3642 Lachmann,
1004 3598 1019 3630 a
1037 3597 1062 3647 q.
1078 3581 1095 3632 1.

644 3649 706 3703 ov'e
725 3655 887 3704 un'accurata
905 3653 1030 3704 disamina
1041 3651 1096 3702 del·

939 3789 968 3830 11
