2756 4294
432 328 475 371 DE
494 327 604 370 RERUM
626 327 767 372 NATURA.

119 462 173 514 aut
196 451 261 514 aliis
285 452 369 532 fungi
392 453 516 514 debebit
538 451 694 531 agentibus
716 451 824 531 ipsum,

119 552 172 603 aut
194 541 250 603 erit
275 552 308 604 ut
330 542 447 620 possint
469 543 501 602 in
525 562 562 604 eo
584 561 632 602 res
654 561 718 602 esse
741 540 882 620 gerique:

119 641 150 691 at
173 633 271 692 facere
293 642 323 693 et
345 630 429 710 fungi
452 630 516 692 sine
539 651 663 709 corpore
686 633 768 691 nulla
790 641 889 708 potest
910 649 966 704 res,

118 739 177 781 nec
200 721 345 798 praebere
369 723 469 782 locum
491 739 581 798 porro
604 719 660 780 nisi
682 719 772 780 inane
792 739 973 800 vacansque.

118 829 200 888 ergo,
226 819 343 887 praeter
366 810 455 870 inane
479 819 509 868 et
531 829 665 888 corpora,
691 809 777 869 tertia
801 829 854 887 per
877 829 908 869 se

1015 827 1076 888 445

117 901 203 959 nulla
226 909 327 978 potest
347 919 447 960 rerum
470 897 502 958 in
525 918 650 959 numero
674 908 779 958 natura
801 897 938 976 relinqui,

117 1009 176 1049 nec
200 1006 276 1064 quae
300 989 356 1048 sub
380 1007 483 1048 sensus
506 989 593 1048 cadat
615 989 677 1046 ullo
700 997 836 1066 tempore
859 997 984 1062 nostros,

116 1097 176 1138 nec
198 1075 312 1138 ratione
337 1077 428 1138 animi
451 1097 540 1154 quam
563 1075 721 1154 quisquam
744 1075 838 1155 possit
860 1075 962 1156 apisci.

116 1306 250 1374 ὲαοερος
275 1325 302 1358 se
326 1307 359 1358 di
377 1308 397 1357 il
421 1309 501 1372 luogo
524 1308 574 1358 alle

120 1396 182 1430 cose
194 1397 242 1446 per
253 1380 323 1444 agise
331 1394 348 1428 o
360 1375 471 1429 subiree
483 1386 572 1430 vuoto:

116 1452 143 1502 al
163 1452 190 1501 di
209 1451 277 1500 fuori
300 1466 353 1500 non
374 1446 423 1500 v’b
443 1450 515 1510 altro,
540 1445 574 1499 ne

119 1524 168 1574 che
187 1522 209 1572 si
228 1539 303 1588 possa
321 1522 453 1588 percepire
474 1517 508 1571 ne
526 1522 573 1572 che

116 1595 140 1644 si
161 1609 239 1660 possa
266 1609 380 1659 pensare.
409 1593 447 1642 La
474 1593 574 1658 riparti·

117 1666 192 1714 zione
211 1680 264 1714 non
286 1660 300 1712 ὲ
327 1663 380 1714 cosi
402 1665 482 1714 recisa
505 1664 574 1714 nelle

117 1736 207 1802 parole
236 1736 366 1802 superstiti
393 1735 419 1783 di
443 1735 571 1800 Epicuro;

117 1824 167 1873 pur
177 1807 201 1856 vi
215 1808 237 1856 si
249 1807 326 1870 legge
339 1805 388 1870 (pr.
402 1806 478 1870 Diog.
495 1807 525 1856 L.
540 1807 571 1869 X,

117 1878 178 1942 67):
205 1875 271 1928 καθ’
290 1873 367 1927 ἑαυτὸ
392 1873 421 1926 δὲ
444 1873 494 1927 οὐκ
520 1873 572 1926 ἔστι

116 1954 211 2014 νοῆσαι
236 1945 265 1998 τὸ
284 1943 425 2012 ἀσώματον
445 1944 513 2014 πλὴν
531 1944 573 1998 ἐπὶ

117 2025 164 2071 τοῦ
188 2024 276 2070 κενοῦ.
302 2017 330 2068 τὸ
358 2016 387 2070 δὲ
411 2016 488 2071 κενὸν
513 2016 572 2069 οὔτε

116 2097 226 2158 ποιῆσαι
252 2088 312 2142 οὔτε
335 2088 433 2142 παθεῖν
456 2088 572 2151 δύναται,

116 2159 181 2214 ἀλλὰ
200 2161 305 2227 κίνησιν
323 2161 405 2226 μόνον
424 2159 457 2213 δι’
477 2159 572 2212 ἑαυτοῦ

117 2240 171 2290 τοῖς
190 2231 295 2298 σώμασι
313 2231 460 2299 παρέχεται.

152 2321 214 2368 440.
233 2314 282 2371 per
301 2323 326 2355 se
345 2328 379 2347 =
397 2303 462 2355 καθ’
486 2301 571 2355 ἑαυτό.

152 2393 215 2441 441.
234 2379 293 2427 aliis
308 2378 419 2443 sangi...
439 2378 572 2442 agentibus

115 2453 221 2515 iprum
240 2449 266 2498 la
276 2451 363 2513 patrii
379 2449 504 2498 sermonis
517 2464 569 2512 egc-

116 2529 171 2570 stas
191 2521 217 2569 lo
230 2521 336 2584 obbliga
350 2537 364 2568 a
383 2526 474 2584 questa
491 2518 571 2583 lunga

116 2591 339 2642 circonlocuzione
370 2591 413 2657 pel
444 2590 463 2638 il
494 2605 570 2655 greco

114 2660 220 2714 παθεῖν.
248 2663 273 2714 Il
296 2663 376 2712 latino
401 2677 479 2712 aveva
502 2663 568 2726 pati,

116 2753 159 2785 ma
182 2734 307 2784 Lucrezio
333 2749 385 2783 non
408 2733 570 2798 lo,ad0pera

115 2807 169 2858 mai
188 2805 217 2854 in
229 2805 265 2854 tal
283 2803 439 2869 significato,
459 2803 571 2868 adopera

116 2879 206 2928 insece
225 2877 313 2941 fungi
338 2877 419 2926 anche
446 2875 569 2924 assoluta-

116 2957 204 2999 mente
223 2963 296 2998 eome
314 2947 339 2996 al
362 2965 385 2997 v.
407 2960 459 3010 443
475 2945 570 3010 facere

115 3019 238 3085 etsungi.
252 3017 313 3068 Cosi
323 3019 406 3084 fungi
417 3035 463 3084 per
474 3015 570 3066 παθεῖν

115 3093 143 3140 in
167 3091 209 3141 III
240 3088 303 3140 168:
330 3111 341 3135 ι
364 3093 465 3154 pariter
483 3088 572 3154 jungi

115 3179 173 3213 cum
189 3169 320 3228 corpore...
333 3162 450 3210 animum
463 3173 489 3218 »;
504 3157 568 3225 813:

117 3254 129 3277 ι
144 3249 227 3297 neque
241 3233 319 3282 inane
331 3235 362 3281 ab
374 3233 427 3281 ictu
440 3231 570 3298 fungitur

113 3305 225 3354 hilum·
250 3324 262 3348 ι
281 3320 334 3352 non
353 3304 454 3354 subisce
472 3302 569 3352 assolu-

114 3381 230 3425 tamente
248 3382 306 3425 urto
328 3393 348 3422 ι.

149 3459 213 3508 442.
238 3455 269 3498 ut
288 3447 408 3510 possint:
435 3447 454 3495 il
475 3445 568 3494 Wake-

114 3518 182 3581 field,
206 3517 223 3565 1’
234 3517 374 3576 Eichstrdt,
400 3517 419 3567 il
437 3516 567 3580 Forbiger,

115 3589 135 3639 il
146 3589 242 3638 Munro
262 3604 408 3654 approvano
427 3589 452 3637 la
470 3587 569 3638 lezione

115 3661 158 3711 dei
183 3659 266 3709 codici
291 3667 322 3708 ut
340 3665 473 3724 possunt!
497 3659 569 3707 Inso-

628 1306 697 1358 leute
723 1303 737 1355 ὲ
760 1325 774 1356 a
799 1307 834 1358 tal
859 1308 978 1371 riguardo
1003 1326 1048 1374 per
1069 1307 1078 1355 i

628 1379 705 1444 primi
716 1385 753 1429 tre
765 1379 790 1428 la
799 1386 860 1428 nota
869 1379 912 1428 del
921 1381 1078 1429 Lachmann.

664 1450 724 1511 446.
745 1449 860 1514 relinqui
877 1471 912 1490 =
930 1467 989 1502 esre.

663 1521 768 1584 447·8.‘
786 1521 906 1586 Epicure,
935 1539 973 1588 pr.
1000 1524 1078 1590 Diog.

628 1592 658 1641 L.
670 1591 702 1652 X,
713 1605 761 1653 40:
773 1587 833 1642 οὔτε
844 1589 1009 1657 περιληπτῶς
1018 1592 1079 1648 οὔτε

627 1659 760 1726 ἀναλόγως
778 1667 830 1718 τοῖς
848 1661 1020 1728 περιληπτοῖς.

662 1733 723 1796 448.
737 1736 832 1800 apisci:
851 1735 896 1799 qui
917 1751 1077 1802 «compren-

628 1807 688 1856 dere
717 1823 747 1867 ις
778 1806 806 1854 in
835 1806 879 1865 VI,
908 1822 930 1857 v.
963 1811 1075 1872 1235·6:

629 1897 641 1921 ι
654 1877 727 1926 nulla
737 1879 870 1926 cessabant
878 1883 988 1940 tempore
996 1881 1079 1943 apisci

626 1950 672 1997 Ex
695 1948 756 1997 aliis
780 1948 845 1996 aliar
868 1949 940 1997 avidi
961 1953 1077 2015 contagia

627 2019 733 2068 morbi»
758 2019 892 2078 «assalire,
912 2021 1077 2086 apprendersi

626 2091 658 2138 ad
677 2089 735 2139 altri
759 2109 780 2139 ι.

661 2159 789 2222 449-482.
798 2163 935 2211 coniuncta
941 2163 973 2213 ed
979 2172 1077 2214 eventa.

627 2234 720 2283 Teoria
744 2231 857 2292 difficile,
883 2228 916 2282 ni
942 2235 1008 2284 forse
1033 2253 1078 2300 per

627 2303 701 2368 coipa
719 2303 746 2352 di
759 2304 878 2368 Epicuro,
892 2302 937 2369 piir
948 2307 995 2356 che
1009 2307 1077 2371 degli

627 2375 759 2440 interpreti
787 2375 851 2434 suoi,
880 2393 895 2424 a
924 2377 1077 2428 cominciare

626 2446 658 2494 da
676 2445 806 2496 Lucrezio.
826 2445 922 2497 Stando
934 2448 986 2497 alla
1004 2465 1077 2513 espo-

626 2515 721 2565 sizione
742 2517 789 2566 che
808 2533 840 2566 ne
866 2517 891 2566 fa
910 2519 1033 2568 Lucrezio
1052 2537 1076 2568 a·

625 2603 738 2636 vremmo
757 2595 856 2652 questo,
873 2589 906 2638 Vi
925 2604 989 2638 sono
1009 2591 1077 2640 delle

625 2654 722 2724 qualit&
731 2657 840 2709 inerenti
853 2660 904 2710 alle
915 2661 965 2710 due
977 2668 1074 2720 nature.

625 2725 680 2779 cine
710 2731 816 2780 materia
843 2748 857 2781 e
884 2738 971 2791 vuoto,
1000 2748 1075 2781 senza

624 2801 692 2852 delle
711 2801 781 2866 quali
800 2801 817 2849 l'
828 2819 879 2852 uua
898 2818 913 2852 o
931 2803 1018 2852 l’altra
1032 2820 1075 2868 pe·

625 2874 699 2922 risce:
721 2871 774 2922 cosi
802 2873 826 2922 la
855 2882 1002 2939 pesantezza
1031 2892 1077 2940 per

624 2961 660 2993 un
686 2943 812 3008 mscigno,
838 2946 857 2994 il
883 2946 966 2996 calore
991 2962 1036 3011 per
1057 2947 1076 2994 il

624 3015 708 3074 fuoco,
735 3014 761 3063 la
787 3023 876 3065 natura
903 3017 1002 3082 liquida
1031 3033 1077 3082 per

624 3087 640 3135 1’
655 3101 744 3152 acqua,
770 3087 795 3135 la
823 3085 967 3152 tangibiliti
994 3105 1040 3154 per
1067 3089 1075 3136 i

624 3159 702 3222 corpi,
740 3157 944 3223 l'intangibilitt
981 3176 1026 3224 per
1057 3157 1076 3206 il

624 3235 718 3286 vu0t0;
748 3236 839 3294 questa
863 3229 992 3296 proprieti
1017 3245 1075 3294 pos-

624 3301 704 3350 siamo
736 3300 862 3350 c'hiamare
889 3303 1025 3350 coniuncta
1052 3301 1075 3350 ai

623 3371 702 3436 corpi.
721 3373 765 3420 Ma
783 3374 808 3422 vi
827 3387 890 3420 sono
911 3371 976 3420 oltre
1001 3367 1074 3420 acin

623 3443 660 3508 gli
678 3451 774 3500 eventa,
785 3443 794 3491 i
809 3443 886 3508 quali,
899 3458 915 3491 ο
928 3457 1075 3508 avvengano

623 3516 648 3564 ai
660 3515 731 3579 corpi
751 3529 806 3564 ose
821 3530 854 3563 ne
866 3514 1008 3578 dipartano,
1023 3529 1075 3562 non

623 3593 728 3634 murano
753 3585 778 3633 la
801 3592 891 3634 natura
911 3585 939 3633 di
961 3585 1018 3634 essi.
1040 3585 1075 3633 Di

623 3657 706 3721 questi
724 3663 813 3706 eventa
826 3655 949 3705 Lucterio
969 3663 1075 3722 apporta
