2756 4294
438 288 480 333 nu
502 287 611 334 runnu
634 251 775 333 nurum.
1045 286 1085 346 73

127 412 300 494 corripiunt
320 411 483 492 rapideque
506 411 616 476 rotanti
637 411 758 477 turbine
779 421 907 491 portant.

129 524 226 582 quare
249 502 339 564 etiam
362 513 451 580 atque
474 502 563 564 etiam
579 513 647 564 sunt
663 500 744 564 venti
764 521 890 580 corpora
905 519 1000 570 caeca.
1028 513 1087 574 295

129 595 257 672 quando
281 591 403 670 quidem
425 591 509 654 iactis
531 602 562 653 et
585 591 719 652 moribus
742 593 859 652 aemula
880 589 996 668 magnis

130 682 273 744 amnibus
295 681 496 756 inveniuntur,
521 692 624 760 aperto
647 699 772 759 corpore
795 679 847 756 qui
870 689 947 741 sunt.

129 783 199 832 tum
221 791 310 850 porro
333 771 430 832 varios
451 790 550 832 rerum
576 769 719 830 sentimus
741 771 859 848 odores,

130 881 193 922 nec
213 871 316 920 tamen
338 862 377 920 ad
400 859 478 922 naris
501 858 646 920 venientis
669 857 817 920 cernimus
839 876 983 935 umquam
1111 931 1114 940 ,

130 969 193 1011 nec
214 948 325 1010 calidos
348 959 446 1010 aestus
467 948 586 1023 tuimur,
611 967 669 1009 nec
692 947 801 1026 frigora
823 947 941 1026 quimus
1027 965 1090 1024 300

130 1214 225 1272 risulta
252 1214 284 1270 da
308 1232 343 1271 un
368 1215 432 1266 altro
455 1231 531 1282 passo
560 1216 587 1266 di

130 1288 267 1348 Lucrezio,
285 1289 332 1347 VI,
345 1300 397 1351 443
416 1303 504 1353 segg.:
525 1305 538 1331 ι
557 1287 590 1348 fit

132 1375 236 1424 queque
265 1365 296 1409 ut
321 1359 436 1408 involvat
465 1359 536 1407 venti
563 1373 588 1406 se

130 1431 246 1481 nubibus
267 1431 317 1493 ipse
342 1429 461 1480 Vertere...
480 1431 532 1478 Hic
545 1429 590 1480 ube·

130 1518 160 1552 se
183 1503 212 1550 e'n
236 1508 320 1550 terras
339 1502 438 1550 demisit
460 1501 587 1550 dissoluit-

130 1588 191 1638 ραι,
201 1572 324 1621 Turbine's
330 1575 464 1622 immanem
470 1573 589 1636 vimpro·

131 1645 217 1696 vomit
230 1661 252 1694 ι.
266 1645 334 1694 Vedi
347 1644 365 1694 il
379 1653 465 1706 nostro
480 1643 587 1694 articolo

131 1718 165 1766 in
177 1717 235 1766 Riu.
256 1716 284 1764 di
302 1715 387 1773 Fient,
406 1715 503 1778 XXXI,
522 1732 548 1781 p.
563 1723 586 1778 5.

173 1797 233 1848 294.
242 1787 394 1851 rapideque:
407 1785 462 1836 cosi
474 1786 493 1836 il
504 1787 588 1836 Lach-

131 1874 223 1908 mann.
237 1858 399 1920 L'Oblongus
411 1858 544 1921 rapidique
556 1855 587 1922 (il

132 1930 281 1994 Quadratus
287 1929 452 1992 rapidisque).
460 1929 483 1978 Il
495 1929 587 1978 Munro

131 2002 237 2050 chiama
257 2002 360 2050 nssurda
382 2001 408 2050 la
426 2001 525 2050 lenione
543 2015 586 2048 ra·

126 2073 244 2136 pide'que.
259 2072 289 2122 Io
302 2073 391 2121 dubito
401 2072 482 2121 molto
492 2071 540 2122 ohe
549 2071 587 2122 sia

130 2144 160 2194 la
182 2159 240 2194 vera
259 2141 293 2208 (v.
320 2160 363 2192 ora
389 2143 471 2192 anche
495 2143 587 2192 Panl-

132 2231 215 2277 son,
245 2217 279 2264 In
302 2215 405 2264 Lucret.
428 2215 587 2274 aduersaria,

132 2287 219 2349 Lund‚
243 2284 308 2348 1897
335 2302 348 2336 e
372 2286 391 2336 il
416 2292 504 2335 nostro
528 2287 587 2335 arti-

132 2358 194 2408 colo
213 2374 259 2407 orn
277 2355 374 2420 citato).
399 2357 422 2408 Il
447 2365 523 2422 poeta
542 2373 587 2422 per

133 2429 191 2478 dire
205 2448 217 2472 ι
239 2428 249 2478 i
268 2429 337 2478 venti
357 2446 370 2471 ι
389 2429 424 2478 ha
437 2429 506 2478 detto
518 2428 590 2476 uenti

133 2498 265 2559 flamina:
284 2515 326 2550 ma
346 2507 439 2565 potera
457 2500 502 2564 poi
521 2499 587 2548 bene

133 2571 161 2622 al
179 2587 226 2622 suo
245 2571 363 2636 pensiero
386 2587 453 2622 esser
470 2577 587 2636 presente

135 2641 193 2693 solo
205 2643 222 2691 l'
233 2643 294 2692 idea
306 2643 332 2692 di
350 2643 421 2692 uenti
432 2658 501 2692 nom.
521 2641 587 2707 plur.

134 2735 170 2756 =
188 2713 260 2762 uenti
274 2713 393 2779 stamina,
416 2729 430 2764 e
452 2713 588 2763 indurlon

135 2785 245 2836 scrivere
263 2785 356 2848 rapidi.
375 2785 426 2834 Nel
444 2801 467 2834 v.
489 2793 521 2848 57
543 2784 588 2833 ab·

136 2858 207 2906 biam
228 2864 326 2906 trovato
352 2857 435 2905 eodem
456 2861 589 2920 perempta

135 2929 233 2978 riierito
253 2943 268 2978 a
286 2943 325 2976 res
337 2945 346 2979 :
364 2927 407 2978 nel
425 2945 449 2976 v.
468 2939 517 2992 190
536 2941 588 2974 cre·

134 3007 232 3048 scentes
251 2999 348 3050 riierito
367 3000 400 3048 ad
419 2999 526 3048 arbusta
540 3014 589 3064 per

134 3069 152 3120 l'
164 3071 287 3120 illusione
306 3070 332 3118 di
351 3069 453 3118 arbores
472 3069 506 3134 (v.
528 3078 590 3120 nota

135 3158 152 3192 a
179 3151 270 3208 questo
298 3139 394 3206 passo).
422 3143 460 3191 Le
488 3140 588 3206 ragioni

135 3213 178 3262 del
202 3214 309 3278 Brieger
329 3212 458 3276 (Prolegg.
483 3229 507 3278 p.
528 3209 589 3276 XX)

136 3293 228 3334 contro
252 3285 278 3334 la
297 3282 442 3350 possibiliti
457 3284 484 3334 di
502 3283 590 3334 sifiatti

135 3356 267 3406 solecismi
299 3356 450 3406 varrebbero
479 3355 544 3414 solo,
563 3371 590 3404 se

137 3428 158 3476 si
186 3434 302 3477 tratrasse
328 3427 354 3476 di
382 3443 417 3475 un
444 3442 538 3492 poema
563 3426 590 3474 in

137 3499 199 3563 ogni
218 3514 264 3548 sua
283 3506 355 3563 parte
374 3498 469 3548 rifinito
489 3514 503 3548 e
522 3513 590 3546 com·

138 3571 218 3634 piuto.
235 3570 359 3620 Lucretio
373 3577 452 3620 stesso
467 3569 492 3618 in
504 3567 589 3618 un’ac·

139 3647 226 3694 curata
250 3641 377 3692 revisione
400 3641 509 3692 avrebbe
537 3655 590 3690 cer-

641 1221 753 1266 tamente
766 1214 899 1266 eliminato
912 1211 991 1263 molte
1009 1210 1091 1262 forme

640 1303 655 1337 e
683 1287 754 1336 modi
779 1302 794 1338 e
818 1286 885 1336 forse
909 1283 984 1335 interi
1008 1283 1091 1345 versi;

641 1359 752 1408 avrebbe
765 1363 919 1407 certamente
931 1357 991 1406 dato
1001 1354 1091 1404 ordine

641 1447 656 1480 a
674 1431 743 1480 varie
762 1429 828 1494 parti
852 1429 894 1478 del
913 1440 1024 1493 poema;
1050 1441 1092 1474 ma

641 1502 685 1550 noi
712 1516 765 1550 non
791 1501 930 1550 dobbiamo
955 1496 1092 1548 sostituirci

641 1589 656 1621 a
676 1573 719 1622 lui.
744 1571 812 1623 Vedi
836 1571 917 1620 anche
939 1585 1011 1622 verso
1032 1580 1092 1632 332.

640 1643 664 1693 Il
686 1644 844 1708 Brieger
865 1650 945 1692 stesso
964 1640 1006 1690 del
1025 1647 1092 1690 resto

640 1716 740 1765 sembra
767 1714 891 1764 inclinare
916 1711 968 1762 allo
993 1711 1093 1760 lezione

640 1786 775 1852 rapidique
793 1783 832 1848 (in
850 1784 965 1834 Iakresb.
984 1783 1010 1832 di
1030 1783 1091 1832 Bur-

640 1857 704 1915 sian,
728 1870 803 1920 1900,
822 1856 930 1914 XXVII,
950 1871 976 1920 p.
996 1849 1050 1918 29).

677 1939 736 1993 295.
751 1930 824 1978 etiam
833 1934 908 1990 atque
917 1927 1007 1976 etiam:
1020 1939 1093 1975 come

639 2016 667 2050 se
692 2001 806 2050 dicesse:
828 2019 840 2043 ι
853 1998 897 2072 ⁸tel
921 1994 976 2048 diro
1000 2012 1094 2048 ancora

640 2088 692 2122 una
709 2072 779 2122 volta
801 2091 822 2120 ι.
847 2073 869 2122 Ε
890 2070 914 2118 la
935 2069 1093 2134 espressione

640 2143 792 2203 luoreziana,
799 2159 845 2208 per
855 2141 1012 2191 conformare
1022 2140 1092 2204 dopo

640 2231 691 2264 una
715 2231 799 2265 nuova
824 2213 1019 2263 dimostrazione
1041 2227 1093 2262 una

641 2283 720 2336 veriti
736 2284 778 2350 gii
792 2285 896 2334 asserita
914 2301 928 2333 e
943 2283 1092 2334 dimostrato

641 2374 687 2423 per
696 2357 722 2406 lo
732 2356 843 2406 innanzi.
856 2381 887 2390 —
898 2370 984 2404 eueea:
998 2370 1020 2404 v.
1031 2361 1093 2404 nota

642 2429 666 2478 al
685 2444 758 2478 verso
778 2437 837 2488 277.

679 2509 738 2560 297.
766 2503 872 2562 aperto:
904 2515 916 2539 t
942 2493 1042 2546 visibile
1069 2513 1091 2547 ¹.

641 2571 673 2620 In
699 2573 745 2630 IV,
770 2571 822 2631 467
853 2587 865 2612 r
896 2583 937 2617 res
964 2581 1093 2616 secernere

641 2647 742 2705 apertas
766 2641 796 2688 ab
821 2639 912 2698 dubiis,
931 2644 1035 2702 apertus
1058 2637 1093 2687 ha

640 2713 660 2762 il
687 2711 831 2778 significato
860 2709 887 2761 di
915 2728 926 2752 ο
956 2717 1033 2771 certo,
1058 2709 1094 2759 si·

642 2800 702 2834 curo
723 2801 745 2846 ι,
765 2799 815 2832 ma.
826 2797 926 2848 sempre
938 2781 1093 2846 rampollato

642 2856 675 2904 da
699 2855 785 2921 quello
810 2854 837 2904 di
858 2873 869 2896 t
890 2860 1036 2903 veramente
1057 2851 1095 2902 vi·

642 2935 681 2977 sto
707 2944 729 2990 »,
755 2941 827 2976 come
855 2925 944 2974 risulta
972 2924 1005 2973 da
1030 2931 1094 2974 tutto

642 2999 660 3046 il
683 3011 774 3063 passo;
803 2997 847 3047 cir.
866 2997 912 3056 lv,
938 2993 989 3060 596
1011 3014 1023 3039 ι
1044 3001 1095 3060 per

643 3069 697 3117 loca
720 3083 784 3132 quae
808 3073 939 3132 nequeunt
960 3066 1029 3116 oculi
1055 3078 1096 3115 res
1160 3103 1166 3118 .

643 3155 745 3188 cernere
763 3146 864 3202 apertas
886 3156 908 3188 ι.

679 3223 740 3274 300.
761 3211 880 3258 tuimur:
903 3210 978 3260 Lucr.
997 3209 1031 3258 ha
1051 3223 1096 3256 an·

643 3282 690 3332 che
703 3283 747 3345 IV,
763 3291 814 3346 359
834 3287 947 3337 ruamur,
967 3281 1012 3342 IV,
1029 3291 1097 3342 1004

644 3359 770 3403 tuantur:
790 3354 822 3411 X,
843 3350 893 3414 318
909 3357 986 3399 tuere.
1006 3349 1096 3400 Anche

644 3426 744 3474 tuimur
772 3424 793 3473 si
821 3431 892 3472 trova
923 3423 1019 3472 altrove
1048 3422 1093 3484 IV,

645 3505 715 3558 447;
741 3497 786 3556 vl,
810 3506 870 3558 934.
898 3495 936 3544 Le
960 3493 1041 3541 forme
1068 3493 1095 3543 di

645 3568 686 3617 tue'
702 3567 789 3616 invece
812 3566 838 3614 di
857 3567 926 3614 tueri
948 3564 969 3612 si
989 3571 1094 3614 travano

645 3639 727 3690 anche
746 3653 832 3704 presso
851 3636 951 3700 Plauto,
970 3638 1093 3697 Varrone,
