2778 4286
269 281 339 360 v168

615 296 647 365 ’1.
669 295 803 339 LUCRETI
826 295 900 339 CARI

273 429 324 481 atr
346 416 488 497 dissaepit
510 417 594 480 collis
616 429 706 496 atque
728 427 797 479 atra
819 427 947 493 montes,

274 519 352 568 terra
374 527 455 568 mare
479 518 509 568 et
526 518 629 570 contra
644 527 726 567 mare
742 518 832 568 terras
848 506 988 568 terminat
1005 505 1118 567 omnis:
1147 527 1235 567 1000

274 615 365 658 omne
388 596 511 674 quidem
533 616 604 656 vero
627 595 669 655 nil
693 606 737 656 est
760 598 843 672 quod
865 595 949 656 finiat
971 606 1063 658 extra.

319 687 372 746 Est
394 685 482 764 igitur
505 696 609 746 natura
631 684 690 748 loci
713 683 901 764 spatiumque
924 684 1075 763 profundi,

272 776 357 852 quod
380 793 479 850 neque
501 777 579 836 clara
600 794 655 834 suo
677 794 850 852 percurrere
874 774 999 834 fulmina
1022 792 1111 835 cursu

272 873 418 942 perpetuo
440 863 554 941 possint
576 862 642 923 aevi
664 862 796 923 labentia
817 873 913 926 tractu

272 972 329 1012 nec
344 971 481 1030 prorsum
497 953 592 1012 facere
615 961 648 1011 ut
670 962 762 1012 restet
787 951 885 1012 minus
908 951 950 1012 ire
971 953 1118 1012 meando:
1148 967 1233 1028 1005

274 1042 469 1118 usqueadeo
493 1039 601 1118 passim
624 1050 707 1117 patet
729 1040 834 1120 ingens
857 1040 944 1119 copia
966 1043 1065 1115 rebuS,

272 1129 382 1190 finibus
407 1128 551 1208 exemptis
572 1128 605 1188 in
628 1139 751 1190 cunctas
772 1130 906 1208 undique
929 1130 1031 1208 partis.

272 1215 337 1296 ipsa
359 1219 485 1278 modum
507 1237 597 1296 porro
619 1217 675 1278 sibi
697 1238 796 1279 rerum
819 1239 935 1280 summa
957 1239 1063 1298 parare

272 1507 327 1550 tare
353 1500 396 1549 dal
421 1501 542 1552 sensibile
566 1497 724 1566 111ἅδηλσν,

272 1572 357 1622 anche
370 1572 487 1631 11Τ11110,
499 1573 545 1622 che
558 1589 610 1621 non
621 1573 642 1621 si
655 1573 726 1633 vodo,

275 1644 339 1693 deve
358 1659 431 1692 avere
451 1659 486 1692 un
505 1643 621 1692 termine.
646 1642 726 1692 Come

275 1715 297 1765 si
316 1714 380 1764 vede
399 1714 415 1762 1¹
423 1714 563 1763 avversario
588 1715 609 1762 si
628 1731 727 1779 ponera

274 1785 322 1850 qui
334 1785 375 1832 sul
388 1792 488 1834 terreno
501 1792 581 1834 stesso
600 1785 727 1850 epicureo

275 1856 314 1904 La
327 1856 435 1921 risposta
453 1853 488 1920 (v.
511 1853 591 1920 1001)
603 1857 624 1904 si
638 1857 727 1906 richin-

273 1941 315 1976 ma
330 1933 480 1992 puramente
495 1927 728 1992 esemplicemente

272 1998 300 2046 al
337 1996 481 2060 significato
511 1997 538 2046 di
569 2014 648 2055 omne,
681 1998 727 2047 che

272 2069 428 2133 comprende
456 2073 522 2118 tutto
547 2083 568 2127 e,
593 2084 646 2117 non
671 2084 726 2117 am-

273 2145 352 2189 mette
371 2137 482 2188 confini:
506 2155 546 2186 ma
566 2154 618 2187 non
637 2139 723 2202 giusti·

273 2208 322 2258 fica
349 2208 375 2256 lo
402 2216 507 2274 strappo
534 2209 579 2274 qui
609 2209 673 2259 fatto
701 2210 725 2259 al

273 2286 387 2344 precetto
410 2279 530 2343 epicureo
556 2280 622 2330 circa
640 2280 665 2330 la
684 2297 724 2330 co-

272 2365 399 2400 noscenza
417 2347 585 2415 dell'o'r'rinlov.

309 2421 369 2483 998.
383 2421 504 2470 videtur:
524 2443 535 2467 ι
552 2418 566 2470 ὲ
578 2423 695 2473 evidente
710 2443 721 2467 1

271 2492 385 2542 secondo
403 2491 422 2540 il
440 2499 562 2544 consueto
581 2510 628 2542 uso
646 2494 726 2544 lucre·

272 2563 358 2613 ziano.

312 2647 387 2684 1001.
418 2641 512 2684 extra:
540 2635 564 2684 al
597 2635 623 2683 di
650 2635 725 2695 fuori,

273 2701 329 2756 0101
342 2707 389 2756 che
402 2721 456 2755 non
474 2706 511 2754 sia
524 2721 658 2771 compreso
671 2707 726 2756 nel·

273 2777 289 2824 1Ι
303 2794 383 2825 omne.
409 2776 436 2826 Si
458 2776 518 2825 badi
543 2777 590 2827 che
615 2792 664 2826 con
687 2774 726 2826 cio

275 2861 327 2896 non
345 2848 379 2896 ha
401 2854 506 2912 provato
530 2863 623 2896 ancora
642 2847 658 2896 l¹
669 2847 727 2896 infi-

274 2914 328 2966 11111
355 2918 424 2968 della
450 2919 571 2978 materia3
598 2915 644 2967 che
672 2919 728 2968 anzi

242 3027 244 3030 .
272 2995 364 3053 questa
391 2989 498 3052 cagione
531 2990 574 3039 del
604 3006 645 3038 res
673 3005 727 3038 rem

272 3059 351 3119 finire
365 3060 469 3109 videtur
481 3059 626 3110 servirebbe
640 3060 728 3124 egual·

273 3136 361 3180 mente
373 3131 440 3180 bene
458 3146 473 3178 a
493 3137 623 3181 sostenere
638 3133 685 3187 che
703 3131 729 3180 la

274 3201 381 3250 materia
399 3201 436 3249 sia
454 3199 526 3250 finita
554 3203 581 3251 in
600 3218 685 3251 mezzo
703 3202 729 3252 al

274 3278 352 3322 vuoto
365 3270 474 3323 infinito.
491 3273 533 3321 Ha
546 3281 652 3337 provato
664 3273 728 3323 dun·

274 3359 326 3408 que
350 3343 405 3392 solo
433 3341 561 3393 l’infinitt
585 3344 729 3394 dell'omne

273 3414 530 3478 complessivamente
560 3415 727 3476 considerato,

276 3499 329 3533 non
348 3485 415 3536 nelle
433 3502 478 3536 sue
496 3486 570 3552 parti.

315 3566 475 3622 1002·1oo5.
501 3558 540 3606 Lo
569 3557 654 3622 spazio
673 3557 730 3606 infi-

275 3624 330 3676 nito
355 3643 408 3676 non
435 3628 457 3678 si
480 3625 533 3694 puo
562 3635 731 3696 trascorreres

778 1516 895 1566 neppure
914 1501 934 1550 il
951 1501 1061 1552 fulmine
1075 1517 1125 1551 con
1143 1503 1169 1552 la
1187 1519 1235 1553 sua

779 1569 888 1622 velocitb
906 1573 1094 1622 traversandolo
1108 1575 1237 1638 potrebbe

781 1643 819 1692 lar
838 1643 859 1692 sl
872 1644 918 1693 che
937 1644 1005 1709 dopo
1018 1659 1053 1692 un
1067 1651 1137 1694 certo
1157 1651 1237 1695 tratto

781 1717 887 1764 lestasse
906 1731 982 1764 meno
1002 1715 1115 1780 spazioa
1134 1732 1239 1781 percor-

781 1801 843 1835 rere.
864 1785 1002 1836 Aristotele
1020 1787 1048 1834 in
1072 1787 1168 1850 Phrys.
1186 1789 1237 1847 ΠΙ,

783 1865 846 1920 5,1,
865 1857 936 1921 parla
954 1857 980 1905 di
1000 1857 1087 1906 coloro
1106 1859 1154 1906 che
1173 1857 1239 1907 defi-

782 1927 876 1975 nivano
886 1928 902 1976 l'
909 1927 1009 1976 infinito
1019 1924 1152 1992 (ἄπειρον)
1163 1945 1239 1979 come

782 1994 919 2056 ἀδιέξοδον
931 1996 978 2063 (=
991 2001 1062 2064 quod
1072 2001 1243 2063 pertransr're'

781 2085 834 2118 non
849 2071 953 2132 potest).

820 2153 894 2188 1002.
932 2141 1045 2204 spatium
1085 2141 1223 2206 profundi
1230 2159 1239 2189 .·

783 2229 794 2253 ι
816 2211 842 2259 la
866 2210 1014 2275 profonditb
1040 2213 1099 2263 dell'
1108 2213 1194 2262 abisso
1225 2230 1238 2256 ι

780 2278 834 2345 (ma
853 2298 953 2347 sempre
978 2283 1061 2333 inteso
1086 2299 1160 2334 come
1180 2282 1241 2332 infi-

780 2354 852 2411 1111ος
886 2352 1020 2418 profundi
1050 2351 1064 2403 ὲ
1095 2355 1240 2419 immagine

780 2425 890 2488 poetica,
922 2424 1149 2476 scientificamente
1183 2441 1240 2475 non

780 2494 878 2556 esatta).

819 2578 895 2626 1004.
915 2564 977 2616 cios
996 2572 1043 2630 per
1065 2575 1131 2617 tutta
1150 2567 1239 2617 l'eter·

780 2633 841 2686 11111.
861 2637 884 2686 11
905 2653 976 2685 verso
995 2634 1009 2685 ὲ
1027 2638 1140 2703 ripetuto
1158 2638 1187 2687 in
1202 2639 1236 2697 V,

783 2707 851 2756 1216
868 2707 965 2758 riferito
985 2709 1008 2758 ai
1022 2711 1121 2758 moenia
1134 2710 1236 2758 mundi.

820 2787 895 2843 1005.
918 2780 1034 2831 Ordina:
1060 2782 1168 2830 meando
1184 2779 1238 2844 fa·

781 2864 835 2898 cere
854 2858 890 2900 ut.

820 2922 894 2972 1006.
926 2918 1006 2972 Cios:
1040 2923 1132 2985 ingens
1163 2923 1237 2986 copia

781 2988 883 3054 (spatii)
896 3000 972 3055 patet
988 2993 1072 3041 rebus.

821 3061 978 3126 1008-1051.
989 3059 1093 3114 Infinita
1101 3063 1171 3112 della
1180 3079 1237 3112 rna-

781 3133 852 3182 10111.
878 3133 901 3183 11
926 3142 1003 3198 poeta
1026 3135 1059 3182 ha
1084 3134 1237 3184 dimostrato

781 3201 906 3253 11111111
931 3205 974 3254 del
997 3212 1082 3256 vuoto.
1112 3206 1172 3264 Ora,
1201 3205 1238 3253 ri·

782 3273 934 3324 chiamando
953 3276 1014 3340 quel
1039 3275 1086 3325 che
1108 3291 1184 3340 sopra
1202 3276 1238 3324 ha

782 3345 861 3409 detto,
880 3362 902 3395 v.
923 3356 976 3410 524
995 3363 1009 3396 e
1032 3362 1096 3410 sgg..
1115 3346 1163 3396 che
1182 3362 1237 3394 ma·
1323 3407 1326 3416 Ι

783 3415 847 3465 teria
859 3434 873 3466 e
884 3425 962 3466 vuoto
975 3417 996 3466 si
1011 3417 1152 3477 alternano,
1166 3424 1240 3466 trova

784 3487 804 3535 il
822 3488 898 3538 modo
923 3505 1094 3553 perpassare
1119 3504 1134 3536 a
1154 3488 1239 3538 dimo·
1290 3521 1293 3527 -

784 3565 863 3608 strare
881 3559 897 3607 1·
908 3557 1008 3609 infinite
1029 3559 1097 3608 della
1121 3559 1239 3610 materia.

785 3629 881 3692 Questa
904 3638 975 3696 parte
999 3630 1068 3681 dello
1089 3645 1136 3680 sua
1153 3629 1242 3682 dimo·
1273 3631 1276 3636 '
