2756 4294
295 335 356 374 110

625 333 654 375 T.
681 331 815 376 LUCRETI
838 330 922 375 ctlto

288 456 322 516 id
346 459 428 532 quod
451 456 510 515 iam
533 476 640 534 supera
662 455 717 517 tibi
740 459 831 534 paulo
854 457 1040 517 ostendimus
1063 467 1143 518 ante.

291 565 361 605 nam
385 565 484 622 neque
507 545 620 606 conlidi
643 545 707 606 sine
730 543 812 606 inani
834 565 922 624 posse
945 545 1063 606 videtur

290 634 451 711 quicquam
475 654 531 695 nec
554 634 649 712 frangi
672 655 728 695 nec
750 634 825 694 findi
846 635 877 694 in
902 635 973 694 bina
996 636 1126 694 secando

291 742 349 784 nec
370 743 476 800 capere
498 743 634 782 umorem
658 743 757 800 neque
780 723 852 783 item
875 724 1025 782 manabile
1048 723 1138 800 frigus

291 830 348 872 nec
371 814 554 890 penetralem
577 811 686 889 ignem,
704 811 813 888 quibus
829 811 930 872 omnia
945 813 1159 888 conficiuntnr3
1187 829 1202 889 5
1209 829 1245 890 35

290 911 323 960 et
345 920 406 977 quo
427 921 566 977 quaeque
588 902 681 979 magis
704 901 828 961 cohibet
848 921 896 960 res
918 901 998 960 intus
1020 902 1118 974 inane,

290 999 351 1048 tam
376 989 469 1067 magis
492 989 538 1048 his
561 991 650 1050 rebus
673 989 792 1067 penitus
814 999 959 1067 temptata
982 989 1115 1050 labascit.

291 1097 363 1156 ergo
387 1078 411 1137 si
434 1077 528 1137 solida
551 1099 586 1138 ac
609 1078 673 1138 sine
695 1077 777 1137 inani
800 1097 925 1155 corpora
948 1078 1044 1155 prima

290 1177 363 1226 sunt
384 1167 426 1226 ita
449 1166 492 1226 uti
515 1165 613 1235 docni,
639 1168 698 1226 sint
720 1169 794 1228 haec
816 1176 937 1226 aeterna
960 1178 1119 1228 necessest.

336 1259 493 1314 Praeterea
515 1255 571 1314 nisi
594 1256 731 1316 materies
753 1265 874 1316 aeterna
897 1255 1007 1329 fuisset,

1189 1273 1249 1332 540

288 1346 419 1404 antehac
442 1347 481 1402 ad
505 1344 599 1404 nilum
622 1345 742 1422 penitus
764 1363 811 1404 res
834 1363 971 1421 quaeque
994 1343 1155 1418 redissent,-

329 1617 387 1672 531.
406 1608 442 1656 Fa
465 1607 590 1658 difficoltt
618 1625 633 1658 a
661 1609 741 1658 molti.

291 1679 315 1729 ll
333 1687 410 1744 poeta
427 1676 480 1744 pud
500 1679 604 1729 rilerirsi
627 1697 642 1729 a
660 1679 743 1744 485-6

292 1771 306 1794 ι
327 1751 401 1799 nulla
416 1759 502 1814 potest
518 1752 558 1798 vis
576 1752 708 1816 stinguere
728 1771 740 1795 ι

290 1837 343 1872 ecc.
357 1822 400 1870 Ma
414 1818 506 1886 poich&
528 1823 573 1886 qui
592 1823 613 1871 si
633 1823 743 1872 enuncia

291 1894 402 1942 soltanto
430 1893 455 1941 la
483 1893 537 1952 tesi,
566 1908 627 1957 pare
652 1901 744 1958 troppo

292 1965 358 2013 forte
377 1964 559 2012 l'ostendimue
585 1964 628 2011 Ma
647 1963 666 2011 il
684 1979 743 2012 con·

292 2041 360 2084 cetto
380 2034 447 2082 della
466 2035 570 2082 materia
589 2033 743 2083 indistrutti·

291 2105 344 2154 bile
363 2100 377 2150 ὲ
400 2105 557 2167 largamente
582 2105 697 2169 spiegato
717 2106 744 2154 in

291 2177 311 2235 Ι,
332 2175 457 2237 215-264,
478 2175 502 2223 al
522 2176 582 2240 qual
598 2191 672 2240 passo
691 2173 744 2240 pud

292 2245 384 2311 quindi
403 2247 483 2294 anche
502 2246 606 2296 riserirsi
624 2247 643 2294 il
659 2254 743 2311 poeta.

293 2313 349 2368 Pub
368 2317 448 2365 anche
467 2317 571 2366 riferirsi
595 2335 609 2366 a
636 2317 743 2381 §IS-19.

290 2388 314 2437 Il
328 2387 455 2446 Giussani,
471 2388 559 2436 Stadii
569 2389 645 2447 lucr„
661 2407 686 2453 p.
700 2403 743 2452 42,

291 2458 366 2508 crede
379 2459 425 2507 che
438 2458 457 2506 il
476 2475 548 2508 verso
567 2459 611 2525 qui
625 2459 662 2508 sia
676 2460 743 2508 suori

289 2530 320 2577 di
337 2539 419 2594 posto,
442 2549 453 2571 e
475 2526 567 2594 poiche
592 2527 744 2580 econtrad·

292 2600 396 2648 dittorio
416 2601 462 2650 che
486 2601 617 2664 Lucrezio‚
637 2603 743 2650 riferen·

288 2672 380 2720 dosia
403 2687 452 2719 nna
476 2673 672 2722 dimostrazione
701 2670 744 2736 git

291 2743 358 2802 data,
386 2742 451 2790 ridia
480 2745 545 2792 senz’
559 2743 624 2791 altro
653 2751 743 2808 questa

289 2813 485 2862 dimostrazione
508 2831 529 2861 ι.
549 2815 741 2864 Contradditto·

290 2883 344 2931 rio?
363 2883 468 2947 Eppure
482 2884 606 2933 anrezio
617 2884 676 2933 suol
689 2885 743 2934 lare

290 2961 406 3018 appunto
434 2953 503 3002 cosl'l
535 2953 568 3004 Se
592 2971 625 3004 ne
656 2956 691 3004 ha
718 2955 744 3004 la

290 3039 369 3090 prova
381 3024 423 3072 nel
436 3025 502 3072 libro
513 3025 558 3083 VI,
566 3042 605 3074 vv.
615 3026 715 3092 936·95
719 3039 745 3089 3,

290 3110 338 3143 ove
357 3095 377 3143 si
397 3095 512 3144 rimanda
530 3095 555 3143 al
575 3095 640 3146 libro
659 3099 678 3158 Ι,
699 3115 743 3163 ep·

291 3181 340 3230 pur
367 3165 388 3214 si
411 3165 528 3230 ripetono
553 3165 578 3216 le
606 3181 685 3232 prove
709 3168 744 3218 ivi

289 3237 348 3286 date
367 3234 418 3300 (vv.
438 3237 576 3301 347356).

327 3317 387 3370 532.
412 3309 528 3358 videtur:
558 3328 571 3353 ι
592 3305 607 3358 ὲ
626 3311 744 3361 evidente

201 3373 206 3388 '
292 3377 341 3427 che
362 3396 384 3428 ι.

327 3457 386 3512 533-
407 3451 532 3498 secando:
552 3467 575 3502 ν.
595 3451 621 3500 la
641 3459 702 3501 nota
720 3453 745 3501 al

291 3535 315 3568 v.
336 3531 388 3582 312
407 3521 531 3570 habendo.

328 3591 387 3654 536.
407 3593 489 3656 magis
499 3631 505 3646 .
517 3628 523 3641 .
535 3630 541 3642 .
566 3593 664 3642 inane:
688 3590 745 3643 cioe

286 3661 351 3725 plus
369 3662 457 3710 inanis
476 3660 546 3726 (gen.
563 3662 676 3729 neutro).

837 1618 896 1673 537.
917 1609 956 1656 his
975 1610 1067 1656 rebus:
1087 1603 1142 1654 cioe
1158 1607 1249 1672 plagae

798 1678 833 1744 (v.
855 1675 927 1743 528),
948 1695 1030 1736 unior,
1049 1679 1154 1742 frigus,
1186 1678 1250 1742 ignit

797 1749 832 1814 (v.
854 1751 925 1813 sssl·

835 1819 960 1885 538·539.
989 1821 1028 1868 La
1054 1814 1249 1869 conclusione&

797 1892 934 1956 legittima.
948 1891 981 1940 Se
994 1891 1013 1939 il
1026 1893 1108 1955 perire
1125 1891 1168 1940 dei
1183 1889 1249 1954 corpi

797 1963 910 2029 dipende
940 1961 1008 2011 dalla
1036 1961 1137 2010 interna
1166 1969 1249 2010 conte·

797 2051 877 2084 nenza
896 2033 939 2082 del
962 2040 1046 2086 vuoto.
1074 2033 1110 2095 gli
1133 2030 1250 2082 elementi

797 2105 881 2170 primi,
893 2106 940 2153 che
953 2105 996 2152 nol
1009 2111 1182 2166 contengono,
1192 2115 1248 2152 sono

798 2176 996 2224 indistruttibili.
1015 2174 1053 2222 La
1074 2170 1249 2223 indivisibilit'a

797 2247 867 2310 degli
886 2247 965 2295 atomi
979 2261 1031 2295 non
1052 2245 1142 2294 risulta
1162 2242 1248 2310 qnindi

798 2319 866 2366 dalla
884 2317 1035 2382 piccolezza,
1056 2333 1098 2364 ma
1121 2315 1164 2364 dal
1189 2315 1248 2364 fatto

799 2389 846 2438 che
866 2403 920 2438 essa
943 2403 996 2436 non
1021 2387 1141 2436 contiene
1167 2393 1247 2435 vuoto.

798 2459 897 2522 Questo
934 2459 1080 2507 dichiarava
1123 2457 1247 2522 esplicita-

798 2537 883 2579 mente
902 2530 1034 2595 Epicuro:
1060 2527 1133 2576 Plac.
1157 2527 1247 2594 philos.

797 2602 818 2664 Ι,
839 2613 853 2664 3
873 2597 919 2648 καὶ
945 2597 1045 2664 εἴρηιαι
1070 2595 1176 2660 ἄτομος,
1202 2593 1248 2660 οὐχ

797 2670 837 2720 du
856 2667 923 2719 ἐστίν
942 2667 1073 2734 ἕλαχίσιη,
1088 2665 1143 2718 ἀλλ’
1163 2667 1201 2718 ὅτι
1219 2663 1248 2716 οὗ

798 2739 905 2790 δύναται
924 2739 1066 2806 τμηθῆναι,
1081 2737 1190 2804 ἀπαθής
1206 2733 1248 2788 οὔ·

798 2829 838 2874 σα,
871 2808 917 2862 καὶ
948 2808 1076 2876 ἀμέτοχος
1108 2815 1207 2871 aaroni,⁸
1236 2826 1249 2858 e

798 2900 876 2934 aveva
889 2881 931 2948 gil
942 2884 1082 2934 dichiarato
1092 2883 1249 2939 Democrito,

798 2970 888 3020 presso
907 2955 987 3019 Diog.
1007 2955 1037 3002 L.
1050 2954 1097 3012 IX,
1117 2968 1167 3015 44:
1187 2949 1250 3014 ἅπερ

799 3023 915 3092 [ἄτομα]
928 3021 993 3074 εἶναι
1011 3021 1105 3088 duania}
1118 3021 1165 3073 καὶ
1178 3018 1251 3073 ἀναλ-

798 3093 895 3146 λοίωτα
915 3092 958 3146 διὰ
977 3092 1025 3161 τὴν
1044 3092 1210 3160 στεῤῥότητα.

835 3177 959 3234 540-550.
980 3168 1013 3217 Se
1032 3168 1057 3216 la
1077 3167 1183 3218 materia
1201 3178 1251 3214 non
1345 3223 1346 3234 ἵ

799 3239 866 3290 fosse
884 3247 980 3301 eterna,
999 3255 1014 3287 a
1033 3239 1114 3303 quest¹
1124 3254 1175 3297 ora,
1194 3249 1251 3284 con·

798 3311 907 3360 siderate
935 3311 951 3358 1¹
960 3308 1062 3358 inlinito
1089 3316 1177 3374 tempo
1205 3314 1252 3356 tra-

798 3397 891 3441 scorso,
923 3380 1030 3430 sarebbe
1066 3380 1181 3428 ricaduta
1210 3375 1250 3426 nel

798 3452 877 3512 nulla,
897 3467 911 3502 e
930 3451 950 3500 il
969 3451 1064 3499 mondo
1091 3450 1197 3499 sarebbe
1219 3447 1249 3495 ri·

798 3531 866 3572 sorto
885 3523 927 3570 dal
947 3521 1034 3579 nulla;
1054 3537 1096 3570 ma
1109 3517 1251 3586 poicheso-

797 3611 844 3659 pra
875 3594 996 3642 abbiamo
1026 3592 1178 3642 dimostrato
1205 3589 1250 3638 che

800 3672 892 3730 questo
911 3659 926 3712 ὲ
944 3663 1116 3729 impossibile,
1130 3679 1163 3713 ne
1174 3674 1252 3726 segue
