2804 4294
306 308 347 380 46
636 319 668 366 r.
692 317 826 362 nucum
850 317 934 362 csso

305 469 397 528 quare
420 448 523 527 religio
546 446 676 526 pedibus
699 446 834 508 subiecta
855 443 985 506 vicissim

306 538 459 618 opteritur,
484 557 539 598 nos
563 546 710 614 exaequat
734 534 859 595 victoria
881 536 974 595 caelo,

350 630 429 688 Illud
452 625 482 687 in
506 626 552 686 his
574 628 664 686 rebus
687 644 803 698 vereor,
828 643 867 684 ne
890 626 965 683 forte
987 623 1077 684 rearis
1224 626 1264 682 80

305 717 397 795 impia
419 727 449 778 te
471 713 593 776 rationis
615 714 689 774 inire
713 716 862 773 elementa
887 712 1025 789 viamque

305 805 464 884 indugredi
486 803 614 865 sceleris.
660 805 742 880 quod
766 813 870 862 contra
893 801 1010 880 saepius
1034 800 1084 860 illa

308 894 411 972 religio
435 894 550 972 peperit
572 895 719 953 scelerosa
741 901 832 968 atque
855 890 947 970 impia
970 893 1055 952 facta.

307 984 417 1044 Aulide
441 1003 501 1060 quo
524 993 612 1060 pacto
636 979 748 1041 Triviai
771 979 892 1058 virginis
915 999 995 1040 aram

306 1071 489 1150 Iphianassai
512 1081 667 1149 turparunt
689 1069 834 1148 sanguine
857 1070 946 1130 foede

306 1163 446 1223 ductores
468 1164 606 1221 Danaum
631 1159 749 1233 delecti,
774 1159 871 1237 prima
891 1157 1033 1220 virorum.

305 1250 354 1311 cui
377 1251 464 1311 simul
487 1249 581 1310 insula
605 1249 752 1327 virgineos
776 1248 887 1311 circum
910 1249 981 1307 data
1003 1258 1143 1325 comptus

307 1360 344 1400 ex
367 1351 491 1417 utraque
513 1338 577 1417 pari
601 1341 744 1398 malarum
768 1349 852 1414 parte
875 1339 1031 1415 profusast‚

306 1440 336 1490 et
359 1439 505 1489 maestum
530 1427 616 1487 simul
639 1437 709 1487 ante
732 1446 797 1486 aras
820 1427 938 1486 adstare
962 1435 1115 1504 parentem

342 1675 384 1740 78.
397 1677 524 1725 vicissim:
539 1695 550 1718 ι
564 1692 579 1724 a
592 1689 637 1724 sua
650 1673 719 1722 volta
732 1689 757 1731 ις

306 1749 416 1799 secondo
436 1747 455 1796 il
473 1745 616 1810 significato
635 1745 683 1794 che
702 1741 716 1792 t
732 1761 758 1793 e·

305 1819 415 1870 sclusivo
438 1818 508 1868 neila
531 1818 620 1881 lingua
644 1816 756 1866 classica.

306 1891 380 1940 Circa
401 1890 420 1938 il
441 1890 550 1953 pedibus
575 1889 686 1936 subiecta
711 1886 756 1936 cfr.

243 2022 246 2028 Ι
306 1962 471 2011 l’imitazione
479 1959 617 2024 vergiliana
626 1959 653 2006 in
668 1957 756 2022 Georg.

306 2035 338 2096 11,
358 2046 421 2094 492·

342 2103 383 2154 80.
403 2103 485 2153 illud:
516 2100 659 2167 prolettico,
684 2099 758 2148 viene

307 2176 422 2241 spiegato
451 2172 495 2222 dal
519 2188 551 2220 nr
569 2171 646 2234 forte
673 2171 758 2220 rearis

308 2247 355 2296 che
374 2260 460 2310 segue.

342 2316 384 2366 82.
397 2316 551 2380 indugredi:
564 2313 674 2380 ingredi.
685 2312 712 2362 Si
725 2313 757 2361 ri·

307 2395 377 2438 trouu
405 2402 468 2452 pure
496 2385 523 2434 in
546 2385 591 2444 IV,
617 2384 677 2446 316,
697 2383 758 2448 365.

306 2459 366 2510 Non
385 2459 433 2508 rari
453 2473 540 2523 presso
559 2455 682 2506 Lucterio
695 2471 759 2504 sono

306 2531 459 2595 indupedire
478 2545 492 2578 e
510 2530 690 2592 induperator.
708 2526 759 2577 Nei

306 2601 376 2666 poeti
395 2599 486 2650 arcaici
510 2615 574 2650 sono
599 2598 728 2662 frequenti
749 2599 758 2646 i

305 2673 432 2738 composti
450 2686 500 2721 con
518 2673 583 2720 indu
601 2668 649 2734 (=
660 2667 709 2732 in).
724 2695 756 2706 -

306 2745 377 2808 quod
392 2750 497 2793 contra:
519 2749 645 2791 «mentre
661 2739 758 2799 invem,

305 2815 470 2864 all’incontro
497 2831 521 2862 ι.
549 2839 582 2848 -
607 2812 671 2862 illa:
704 2831 716 2854 ι
745 2810 759 2862 ὲ

305 2893 422 2950 appunto
452 2884 478 2933 la
510 2883 635 2948 religione
672 2881 758 2946 quella

306 2957 378 3008 che...
395 2975 417 3005 ι.

342 3027 385 3088 84.
404 3043 454 3091 quo
462 3034 554 3091 pacto:
567 3041 638 3076 serve
650 3028 695 3092 qui
713 3043 759 3092 per

307 3099 450 3148 introdurre
469 3113 505 3146 un
532 3097 654 3161 esempio.
683 3099 760 3148 Basta

306 3169 519 3236 semplicemente
541 3187 551 3211 ι
573 3166 625 3216 cosi
651 3187 674 3219 ι.
694 3171 758 3219 L'e·

306 3241 405 3305 sempio
418 3241 439 3289 si
452 3239 565 3290 riferisee
578 3239 628 3288 alla
640 3248 760 3290 sentenza

307 3311 546 3378 precedentemente
564 3317 638 3376 posta
658 3309 693 3376 (v.
714 3310 760 3376 83)

308 3403 320 3427 ι
333 3383 430 3447 Religio
436 3382 538 3445 peperit
548 3381 671 3431 scelerosa
683 3391 760 3446 atque

306 3454 386 3516 impia
396 3452 475 3516 facta
493 3472 514 3500 ι.
536 3479 567 3488 -
588 3453 694 3502 Triviai
705 3455 758 3501 vir-

304 3525 392 3588 ginis:
414 3542 425 3566 ι
446 3523 530 3573 Diana
551 3541 578 3584 »;
599 3523 651 3573 cosi
666 3525 759 3573 Trivia

307 3596 353 3643 dea
372 3596 446 3661 Prop.
475 3595 507 3655 ΙΙ,
537 3607 650 3658 32,10;
680 3591 759 3660 epid

306 3681 394 3734 spesso
425 3667 623 3719 assolutamente
656 3665 758 3723 Trivia,

813 1674 898 1722 Ennio
921 1687 1008 1738 presso
1035 1675 1158 1734 Varrone,
1185 1673 1216 1722 L.
1235 1673 1269 1721 L.

814 1747 871 1803 VII,
893 1759 916 1805 2,
940 1742 990 1807 84;
1017 1742 1121 1793 Catullo
1146 1756 1189 1807 34,
1221 1753 1268 1807 15;

812 1816 853 1875 66,
875 1826 898 1881 5,
918 1817 995 1879 Verg.
1016 1817 1081 1864 Aen.
1100 1813 1146 1874 VI,
1167 1823 1199 1878 35
1214 1829 1267 1864 ece.

812 1890 862 1938 Era
880 1885 933 1936 cosi
955 1886 1025 1936 detta
1053 1881 1146 1951 perch&
1172 1886 1196 1936 le
1222 1902 1269 1936 sue

810 1958 945 2023 immugini
977 1973 1053 2008 erano
1082 1957 1269 2022 specialmente

812 2029 936 2078 collocate
955 2029 994 2078 sui
1014 2027 1090 2078 trivii.

849 2099 890 2150 86.
897 2100 987 2164 prima
997 2101 1130 2149 virorum:
1141 2099 1269 2164 grecismo

812 2166 843 2221 τὰ
861 2177 955 2235 πρώτα
974 2173 1027 2220 τῶν
1045 2167 1158 2232 ἀνδρῶν,
1176 2179 1269 2222 neutro

812 2258 858 2308 per
871 2241 1001 2292 meschile.
1012 2242 1174 2307 Espressioni
1187 2243 1269 2292 simili

813 2329 876 2363 sono
895 2315 1033 2379 adoperate
1051 2314 1133 2363 anche
1158 2314 1199 2363 col
1222 2329 1268 2378 ge-

813 2385 893 2434 nitivo
912 2385 1055 2450 singolare;
1075 2385 1120 2436 cfr.
1148 2387 1170 2446 Ι,
1200 2383 1269 2434 1068

810 2457 899 2521 prima
917 2457 978 2513 viai,
998 2457 1019 2516 1,
1039 2455 1092 2505 660
1110 2472 1172 2505 vera
1190 2457 1252 2505 viai.

849 2526 891 2590 87.
919 2527 1009 2590 infula
1039 2528 1169 2593 virgineos
1201 2543 1267 2577 ece:

816 2618 828 2643 ι
849 2595 965 2650 rostoche
983 2599 1009 2649 la
1027 2599 1111 2648 benda
1129 2599 1155 2647 di
1169 2599 1271 2648 vittima

813 2671 880 2721 ebbe
898 2670 1012 2720 ravvolto
1031 2671 1039 2718 i
1058 2669 1166 2732 virginei
1193 2683 1268 2718 orna-

813 2742 901 2800 menti,
921 2757 992 2791 seese
1010 2740 1123 2806 pendula
1141 2740 1169 2788 in
1191 2740 1268 2802 egual

814 2813 908 2862 misura
926 2812 1044 2861 dall’une
1056 2817 1128 2875 parte
1141 2825 1156 2860 e
1169 2810 1269 2860 (161Ιί1-

813 2890 851 2932 tra
860 2883 928 2933 delle
940 2884 1049 2946 gurneie
1060 2900 1084 2932 ι.
1094 2882 1136 2930 Ad
1149 2879 1265 2947 Ifigenia,

813 2954 957 3004 annunciata
976 2969 991 3001 a
1009 2952 1074 3003 festa
1093 2969 1139 3018 per
1158 2953 1183 3002 ia
1202 2955 1267 3003 ceri·

814 3025 899 3074 monia
917 3024 1024 3088 nuziale,
1045 3024 1104 3074 vien
1117 3031 1215 3088 gettata
1229 3025 1272 3074 sul

813 3111 876 3160 capo
895 3095 921 3144 la
940 3095 1017 3144 fascia
1045 3096 1092 3146 che
1116 3096 1141 3146 la
1160 3095 1270 3161 designa

813 3167 837 3216 al
856 3165 986 3217 sacrifizio.

849 3236 891 3287 88.
910 3254 942 3286 ex
960 3246 1073 3302 utraque
1092 3239 1223 3287 nralarum
1235 3259 1272 3279 =

813 3324 844 3358 ex
862 3316 975 3372 utraque
994 3310 1071 3360 mala.
1098 3309 1237 3358 Maiarum
1257 3305 1271 3358 ὲ

813 3380 859 3446 qui
878 3395 928 3429 una
953 3380 1035 3429 forma
1060 3380 1087 3428 di
1112 3381 1271 3438 attendente:

813 3447 918 3515 gracche
937 3451 956 3500 il
979 3467 1025 3500 suo
1052 3451 1212 3502 riferimento
1232 3467 1272 3502 re·

813 3523 901 3586 gulare
920 3538 994 3572 come
1012 3521 1128 3586 genitivo
1147 3519 1162 3572 ὸ
1180 3523 1205 3573 al
1230 3539 1272 3574 so·

814 3593 924 3643 stantivo
947 3601 1032 3658 parte.
1053 3619 1085 3629 —
1107 3595 1173 3659 pari
1193 3603 1275 3661 parte

817 3685 829 3708 ι
851 3665 878 3714 in
897 3665 974 3730 egunt
993 3666 1097 3716 misum.
