2756 4294
450 331 493 375 DE
515 331 625 376 numm
650 331 792 381 NATURA,
1061 334 1100 396 57

141 467 173 518 at
197 474 277 516 nunc
299 453 463 516 seminibus
485 455 556 534 quia
579 437 667 518 certis
689 475 825 535 quaeque
849 467 995 534 creantur,

141 546 214 606 inde
238 543 385 606 enascitur
408 555 498 623 atque
521 565 587 606 oras
610 546 642 606 in
664 546 785 606 luminis
809 547 876 616 exit,

1042 565 1101 623 170

141 633 284 696 materies
306 634 358 694 ubi
380 633 457 694 inest
479 633 622 712 cuiusque
647 646 677 696 et
699 655 825 714 corpora
847 636 963 716 prima;

141 735 234 802 atque
256 725 313 785 hac
335 743 367 784 re
390 734 546 800 nequeunt
568 744 605 784 ex
628 725 768 785 omnibus
791 725 892 786 omnia
913 724 1005 804 gigni,

142 814 228 892 quod
251 811 338 873 certis
361 811 392 872 in
414 814 505 872 rebus
527 812 604 873 inest
627 825 741 874 secreta
764 816 896 876 facultas.
934 809 936 816 ’

142 913 299 980 praeterea
320 922 374 962 cur
395 919 465 961 vere
489 921 595 975 rosam,
621 907 769 964 frumenta
791 906 899 978 calore,

143 1011 218 1051 uvas
241 1001 386 1052 autumno
410 990 495 1050 fundi
518 993 662 1052 suadente
685 992 829 1066 videmus,

1041 1009 1100 1067 175

142 1079 168 1140 si
191 1099 264 1154 non,
288 1091 368 1142 certa
389 1099 443 1140 suo
467 1079 536 1158 quia
559 1092 694 1160 ternpore
718 1081 832 1142 semina
853 1101 952 1143 rerum

141 1189 214 1230 cum
238 1170 454 1243 confluxerunt,
478 1172 581 1247 patefit
606 1172 840 1250 quodcumque
863 1181 986 1246 creatur,

141 1259 217 1320 dum
241 1269 433 1337 tempestates
456 1259 566 1319 adsunt
590 1269 620 1319 et
642 1259 743 1322 vivida
765 1262 853 1321 tellus

182 1543 241 1608 169.
269 1560 357 1593 nunc:
384 1546 428 1610 qui
452 1561 506 1594 non
531 1542 545 1594 ὲ
572 1546 599 1594 di

143 1625 241 1680 tempo,
267 1633 311 1664 ma
329 1613 343 1665 ὲ
363 1618 502 1679 adoperato
529 1616 598 1666 nelle

143 1687 299 1752 espressioni
307 1689 469 1748 avversative,
480 1703 525 1754 per
532 1704 597 1738 sear·

144 1768 200 1810 tare
232 1775 283 1808 una
313 1759 406 1824 ipotesi
435 1760 598 1824 precedente·

144 1838 233 1880 mente
252 1831 400 1881 enunciata:
422 1848 433 1871 ·
450 1847 551 1898 maora
561 1831 598 1880 in·

142 1917 206 1952 vece
228 1918 251 1951 ι.
276 1899 351 1950 Verr.
372 1913 395 1959 2,
421 1911 444 1964 5,
464 1901 514 1964 67:
543 1921 555 1944 ‹
576 1903 600 1950 si

143 1974 205 2022 lunc
220 1988 273 2021 non
286 1974 323 2020 ad
331 1973 396 2021 cs'ves
408 1974 447 2028 R„
465 1975 489 2020 si
500 1989 552 2021 non
566 1975 602 2020 ad

145 2045 267 2102 homines,
286 2059 376 2092 verum
390 2045 427 2092 ad
435 2044 525 2094 bestias
539 2061 597 2092 con·

142 2115 221 2180 queri
228 2115 324 2177 vellem,
334 2121 418 2166 tamen
427 2122 499 2164 tanta
508 2132 598 2164 rerum

142 2186 598 2237 atrocitatecommoverentur.Nunc

141 2273 214 2318 vero,
235 2273 292 2306 cum
308 2258 400 2321 loquar
418 2260 491 2320 apud
500 2265 598 2308 senato·

143 2344 188 2378 res
203 2329 297 2392 populi
307 2330 356 2378 R...
372 2348 394 2378 ι.
407 2332 439 2380 V.
454 2345 526 2380 verso
539 2329 597 2391 561.

185 2410 245 2462 170.
276 2401 350 2450 inde:
380 2402 405 2449 vi
433 2402 598 2467 corrisponde

143 2471 208 2521 l'ubi
219 2471 260 2520 del
274 2489 297 2520 v.
311 2487 378 2536 seg.:
396 2490 408 2513 ι
423 2473 449 2522 (11
462 2471 488 2522 11
497 2474 563 2523 dove
574 2491 598 2519 ι.

145 2569 178 2580 -
190 2557 251 2592 oras
260 2543 289 2613 it!
299 2544 421 2592 luminis:
433 2545 491 2594 vedi
501 2545 527 2593 la
537 2551 598 2594 nota

142 2615 169 2664 al
183 2629 207 2664 v.
218 2625 262 2664 22.
275 2615 297 2664 Ε
309 2615 467 2679 espressione
480 2616 596 2680 frequen·

143 2687 244 2738 tissima
262 2685 290 2734 in
308 2686 439 2736 Lucretio.

185 2767 242 2820 171.
262 2759 419 2807 materies...
441 2764 466 2808 et
488 2765 598 2822 corpora

138 2829 245 2892 prima:
256 2847 292 2867 =
300 2829 404 2878 semina.
418 2827 532 2892 Corpora
540 2830 599 2893 pri·

142 2916 187 2949 ma
205 2901 249 2964 qui
269 2915 322 2950 uon
344 2916 408 2950 sono
427 2901 462 2965 gli
482 2901 570 2963 atomi,
590 2901 598 2948 i

142 2971 215 3036 quali
234 2987 280 3036 per
303 2970 329 3020 la
347 2972 459 3022 dottrina
480 2973 598 3037 epicurea

143 3057 199 3092 non
212 3059 277 3092 sono
290 3043 466 3104 differenziati‚
480 3059 494 3093 e
508 3043 598 3107 quindi

143 3129 198 3164 uon
218 3130 331 3180 possono
353 3114 414 3164 dirsi
437 3114 542 3180 speciali
566 3116 598 3164 ad

141 3201 180 3235 nn
193 3201 271 3249 corpo
288 3183 461 3252 piuttostoche
474 3185 597 3246 all’altro;

142 3273 210 3308 sono
229 3258 319 3306 invece
347 3257 371 3305 le
398 3257 480 3322 prime
507 3257 598 3306 sorma-

145 3329 215 3377 zioni
234 3327 370 3386 atomiohe,
389 3327 538 3378 tormazioni
551 3327 597 3377 che

142 3415 191 3464 per
209 3399 235 3448 la
263 3399 362 3448 diversa
388 3399 563 3450 collocazione
584 3416 599 3448 e

143 3469 228 3518 forma
247 3470 317 3533 degli
333 3471 413 3520 atomi
433 3471 599 3536 componenti

142 3540 263 3590 riescono
281 3541 371 3591 insece
390 3543 561 3592 differenziate
584 3557 599 3590 e

143 3613 285 3662 diventano
295 3613 386 3678 quindi
399 3614 407 3662 i
421 3614 517 3663 semina
532 3613 599 3662 delle

142 3685 247 3750 singole
260 3700 328 3735 cose.
340 3684 532 3751 L'espressione
545 3700 599 3732 cor·

650 1551 716 1607 pora
731 1543 820 1608 prima
839 1541 854 1593 ὲ
873 1541 935 1610 perd
951 1543 1104 1594 scientifica·

652 1628 737 1666 mente
756 1617 864 1666 inesatta
883 1617 910 1666 in
929 1615 965 1666 tal
983 1631 1066 1665 senso.

691 1698 748 1749 172.
768 1687 814 1735 hac
833 1702 876 1735 re:
896 1685 910 1735 ὲ
929 1687 956 1736 in
975 1686 1104 1737 relatione

652 1758 693 1809 col
721 1758 792 1821 quod
815 1776 829 1808 e
857 1759 914 1807 vale
942 1758 1031 1822 quindi
1059 1773 1104 1823 per

653 1830 761 1878 idcirco:
774 1847 784 1870 ι
799 1837 913 1895 appunto
924 1826 1012 1894 percid
1023 1828 1071 1878 che
1081 1845 1103 1876 ι.

690 1910 748 1964 175.
777 1903 915 1950 suadente:
942 1900 964 1949 si
991 1900 1103 1950 riserisoe

652 1973 734 2022 anche
753 1989 768 2021 a
786 1988 845 2021 vcra
857 1989 872 2022 e
885 1989 900 2021 a
912 1971 1009 2022 calore:
1031 1990 1043 2014 ι
1057 1987 1103 2037 per

652 2041 717 2094 virtu
736 2045 802 2094 della
821 2045 964 2109 primavera
985 2061 1025 2094 ι...

690 2115 748 2177 176.
770 2133 843 2166 suo...
863 2121 995 2179 tempore:
1018 2133 1030 2157 ι
1052 2113 1104 2164 alla

651 2187 769 2252 stagione
786 2187 938 2254 propicia».
958 2187 997 2237 La
1010 2185 1102 2251 produ-

652 2261 725 2309 zione
744 2266 860 2309 terrestre
885 2275 938 2309 non
963 2255 977 2307 ὲ
1002 2259 1104 2322 dunque

652 2331 764 2380 soltanto
783 2330 892 2380 limitata
904 2347 950 2396 per
961 2329 1049 2393 luogo,
1063 2345 1104 2378 ma

653 2402 734 2450 anche
753 2419 798 2467 per
817 2409 919 2466 tempo:
939 2401 958 2450 il
977 2401 1024 2449 che
1044 2399 1104 2449 vuol

652 2473 707 2522 dire
725 2473 772 2522 che
792 2474 800 2521 i
820 2474 884 2522 semi
898 2471 965 2522 delle
978 2483 1104 2520 cotenon

652 2545 791 2594 diventano
802 2543 912 2605 semodi,
933 2559 960 2592 se
972 2558 1026 2592 non
1038 2558 1102 2592 sono

653 2615 761 2665 avvivati
775 2616 807 2664 da
820 2614 907 2680 quegli
920 2613 1042 2663 elementi
1055 2612 1103 2662 che

652 2688 678 2737 la
696 2688 747 2737 tue
765 2703 781 2736 o
802 2688 827 2736 la
846 2686 897 2736 tale
910 2685 974 2734 altra
987 2683 1104 2748 stagioue

651 2766 726 2824 porta
744 2775 812 2808 seco.
826 2760 937 2821 Dunque
950 2755 1103 2821 dall'aecop·

652 2831 784 2896 piamento
803 2830 829 2879 di
850 2829 931 2892 questi
950 2827 1021 2885 semi,
1050 2842 1104 2876 non

652 2902 695 2950 dal
713 2902 792 2960 nulla,
812 2916 925 2950 nascono
943 2899 969 2948 le
987 2913 1055 2949 cose.

692 2983 748 3034 177.
774 2978 897 3021 creatur:
923 2969 979 3021 υἱοὶ
998 2975 1103 3018 creatur

653 3059 665 3091 e
683 3043 826 3092 seminibus.
840 3043 921 3094 Come
940 3044 961 3092 si
975 3041 1039 3092 vede
1059 3057 1104 3090 an·

653 3114 700 3164 che
716 3114 759 3163 dal
772 3131 843 3164 verso
865 3124 922 3178 179,
937 3114 1022 3164 allude
1041 3128 1103 3162 aun

652 3186 736 3250 primo
762 3187 844 3236 stadio
868 3185 895 3235 di
923 3187 975 3235 vita
998 3184 1102 3242 latente,

653 3259 772 3321 prodotta
809 3257 869 3306 dall'
889 3256 1102 3322 accoppiamento

653 3329 695 3377 dei
719 3328 791 3386 semi,
811 3329 894 3378 stadio
919 3328 967 3377 che
991 3327 1016 3374 la
1037 3333 1103 3374 terra

652 3400 795 3450 custodisce
807 3399 982 3464 gelosnmente
1001 3395 1043 3446 nel
1056 3412 1103 3446 suo

653 3487 723 3528 seno.
744 3468 828 3520 finche
846 3465 891 3536 poi
916 3470 968 3518 alla
986 3468 1103 3533 stagione

652 3541 767 3606 propitia
791 3541 862 3604 (dum
888 3545 1042 3604 tempestates
1060 3541 1104 3587 ad·

652 3609 725 3675 sunt)
736 3612 758 3662 si
778 3613 889 3662 assicura
903 3629 918 3661 a
930 3620 1021 3662 metten
1037 3610 1103 3660 fuori

653 3684 704 3733 alla
723 3684 780 3734 luce
799 3685 823 3734 le
842 3692 956 3735 creature
971 3699 1049 3734 ancon
1067 3691 1103 3732 te·
