2756 4294
419 345 462 388 nr
484 345 593 388 nusum
618 344 759 391 urruns.
1029 331 1068 406 85

109 493 180 534 nam
203 491 264 550 quo
287 471 465 550 squamigeri
486 481 628 550 poterunt
650 469 812 549 procedere
835 471 966 542 tandem,

108 562 142 622 ni
165 561 293 640 spatium
317 561 456 622 dederint
478 561 601 622 latices?
635 561 801 622 concedere
825 579 915 637 porro

109 671 171 728 quo
197 661 339 729 poterunt
362 653 470 724 undae,
495 670 563 711 cum
588 649 684 728 pisces
706 648 749 709 ire
771 647 962 726 nequibunt?
1007 651 1069 724 380

109 751 161 800 ant
184 739 273 818 igitur
297 751 381 812 motu
404 739 612 818 privandumst
633 759 759 817 corpora
781 756 926 815 quaeque,

109 839 162 889 aut
184 849 248 890 esse
271 829 437 890 admixtum
460 828 654 889 dicundumst
675 828 766 888 rebus
788 826 886 900 inane,

108 920 192 979 unde
214 918 321 979 initum
340 917 469 997 primum
493 917 591 996 capiat
613 937 661 978 res
684 935 821 994 quaeque
844 914 995 977 movendi.

108 1018 264 1086 postremo
285 1009 347 1069 duo
371 1009 410 1068 de
433 1025 581 1069 concursu
605 1025 730 1084 corpora
751 1007 811 1066 lata

109 1210 180 1253 certo
203 1221 225 1254 ι.
246 1231 279 1240 -
303 1212 403 1254 totum:
428 1205 496 1255 forse
521 1205 566 1270 qui

110 1275 231 1324 arverbio
247 1294 260 1318 ι
274 1275 442 1326 interamente
458 1293 485 1336 »ς
505 1291 528 1324 v.
541 1275 566 1325 la

109 1352 172 1394 nota
190 1345 233 1396 del
251 1347 354 1396 Munro.

146 1426 207 1480 379.
224 1419 371 1466 concedere:
393 1418 514 1468 «ritrarsi
527 1420 564 1468 in·

109 1488 192 1538 sieme
213 1506 236 1540 ι.
254 1487 288 1538 Se
310 1489 319 1538 i
342 1489 412 1554 pesci
440 1505 493 1538 non
518 1506 565 1556 po-

108 1565 200 1608 tranno
229 1559 363 1618 muoversi‚
392 1576 406 1610 e
432 1557 489 1610 cioi
513 1577 566 1611 non

108 1637 238 1695 potranno
256 1630 361 1681 lasciare
375 1631 393 1680 il
406 1631 462 1680 loro
481 1640 563 1697 posto,

109 1701 175 1750 dove
195 1701 328 1750 andranno
340 1702 365 1752 le
378 1705 473 1768 acque?
491 1703 563 1753 L'ac-

110 1787 161 1836 qua
179 1768 243 1837 pero
261 1768 276 1821 ὲ
294 1787 372 1838 corpo
391 1773 469 1823 molle
488 1791 503 1824 e
522 1791 564 1825 ce-

109 1843 207 1904 devole,
227 1845 342 1908 potevasi
358 1843 508 1895 obbiettare.
521 1845 565 1894 Ma

111 1922 202 1978 questa
233 1915 403 1974 cedevolezza,
432 1915 564 1981 risponde·

110 2001 175 2034 vano
190 1985 228 2049 gii
245 1986 366 2050 atomisti‚
386 1987 502 2050 significa
521 2004 564 2052 ap·

110 2063 194 2120 punto
203 2071 268 2122 poca
277 2055 383 2117 densita,
397 2074 411 2108 e
425 2055 480 2107 cioe
493 2074 563 2123 mag-

108 2127 165 2190 gior
183 2135 341 2178 contenenza
359 2129 386 2178 di
404 2136 490 2181 vuoto.

144 2196 205 2262 381.
213 2201 375 2262 privandum
387 2209 509 2266 corpora:
523 2216 565 2250 co-

110 2270 239 2320 struzione
258 2271 358 2335 poetica
376 2271 418 2321 del
437 2272 564 2336 gerundio

109 2341 282 2406 impersonale
294 2357 343 2390 con
355 2342 489 2406 l'oggetto.
503 2341 564 2392 Cosi

109 2411 136 2459 in
153 2411 173 2475 Ι,
197 2425 243 2462 111
262 2420 361 2477 poenas
379 2415 546 2464 timendumst
555 2428 565 2474 ;

111 2480 160 2544 138
180 2483 262 2533 multa
280 2484 407 2549 agendum
417 2502 430 2542 ,·
453 2485 488 2544 ΙΙ,
511 2498 563 2546 492

109 2554 256 2604 addendum
272 2555 366 2618 partis.

144 2622 205 2688 383.
233 2625 301 2674 unde
325 2645 360 2666 =
383 2641 395 2673 e
421 2643 478 2690 quo.
504 2627 564 2692 Non

108 2695 163 2744 solo
183 2696 289 2761 dunque
307 2696 326 2746 il
343 2693 447 2748 motoe
462 2697 482 2747 il
494 2698 564 2746 locus

108 2781 137 2814 ac
156 2769 270 2832 spatium
289 2783 331 2816 res
342 2768 371 2818 iu
383 2783 435 2832 quo
451 2785 565 2833 quaeque

106 2845 238 2901 geruntur
254 2835 289 2903 (v.
302 2838 378 2903 472);
394 2855 436 2888 ma
450 2836 464 2888 ὲ
476 2840 501 2889 la
514 2841 563 2890 ori·

109 2908 169 2971 gine
179 2915 259 2959 stessa
269 2909 311 2958 del
324 2910 489 2960 movimento.
503 2910 565 2962 Cosi

109 2987 226 3044 appunto
245 2979 367 3030 dicevano
386 2981 423 3046 gli
437 2981 563 3031 atomisti:

108 3049 196 3110 Arist,
217 3051 303 3116 Phys,
328 3052 375 3112 IV,
402 3065 453 3114 94:
483 3049 565 3102 αἴτιον

109 3115 137 3169 δὲ
162 3117 293 3186 κινήσεως
320 3119 417 3173 οἴονται
445 3117 510 3173 εἶναι
536 3119 564 3172 τὸ

109 3187 186 3241 κενὸν
204 3189 289 3249 οὕτως
308 3189 347 3250 ὥς
365 3191 393 3244 ἔν
412 3189 564 3259 ᾤκινεῖται.

110 3289 142 3298 -
161 3264 275 3314 initum:
294 3265 321 3314 in
340 3266 361 3326 1,
384 3279 415 3329 13
429 3266 485 3316 vale
501 3267 563 3315 tin·

109 3349 197 3397 gresso
218 3353 248 3397 »;
277 3337 322 3401 qui
350 3353 364 3386 e
388 3337 485 3388 altroue
509 3337 564 3387 vale

111 3423 124 3448 ι
144 3405 221 3454 inizio
242 3426 254 3450 ι
276 3406 321 3472 (11,
342 3407 407 3470 2693
427 3410 473 3472 111,
493 3406 563 3472 271).

109 3477 243 3542 1n0vid.,
271 3479 354 3538 Fari,
383 3480 428 3544 tv,
448 3493 483 3544 94
508 3479 564 3530 vale

112 3547 348 3614 «accoppiamenti
371 3570 392 3598 ».

144 3617 272 3684 384-397.
291 3620 341 3672 Un’
351 3621 442 3671 ultima
460 3621 524 3672 serie
537 3621 563 3670 di

111 3690 295 3755 mgionamenti
314 3709 329 3742 a
347 3692 497 3743 dimostrare
518 3693 562 3743 l’e·

620 1204 727 1254 sistenza
745 1203 788 1253 del
806 1208 892 1252 vuoto.
914 1201 974 1252 Due
997 1202 1071 1268 piatti

619 1273 741 1340 (corpora
765 1273 831 1336 laia)
853 1274 1031 1324 bruscamente
1049 1273 1071 1323 si

619 1345 777 1395 distacchino
795 1341 858 1408 (cita
871 1345 1012 1410 dissiliant)
1026 1344 1070 1394 do-

619 1417 719 1482 poche
739 1415 788 1465 essi
805 1416 892 1464 hanno
913 1416 1071 1465 combaciato

620 1487 661 1554 (de
680 1485 827 1552 concursu).
846 1485 935 1536 Allora
950 1487 1022 1536 l'aria
1040 1503 1071 1536 va

620 1559 652 1608 ad
671 1573 795 1622 occupare
815 1565 881 1607 tutto
897 1557 922 1606 lo
935 1558 1020 1622 spazio
1032 1559 1071 1608 in-

619 1629 742 1680 termedio
767 1635 806 1677 tra
830 1629 839 1676 i
865 1629 927 1689 due;
957 1645 999 1676 rna
1026 1645 1072 1694 per

619 1707 715 1766 quanto
725 1699 914 1764 l’occupazione
927 1699 965 1748 sia
974 1699 1069 1764 rapida,

618 1787 666 1838 pur
684 1787 737 1820 non
755 1773 861 1821 avviene
880 1771 907 1818 in
926 1787 961 1820 un
983 1771 1070 1821 mede-

618 1843 684 1892 simo
708 1849 812 1908 tempo:
838 1841 919 1890 l'aria
946 1838 1071 1907 occuperi

618 1914 701 1979 prima
720 1913 757 1978 gli
776 1913 845 1978 spari
864 1909 909 1979 piir
927 1913 1012 1972 vicini,
1026 1913 1071 1978 poi

618 1985 810 2049 gradatamente
828 1984 865 2048 gli
880 1983 945 2034 altri.
959 1984 998 2032 La
1010 1999 1071 2033 con·

618 2056 733 2106 elusione
748 2055 796 2106 che
807 2056 852 2121 qui
863 2055 882 2104 il
894 2062 970 2122 poeta
982 2055 1071 2105 voleva

618 2137 696 2178 tratre
719 2127 751 2175 da
776 2134 866 2193 questa
892 2127 975 2192 prima
999 2133 1071 2192 parte

618 2199 660 2248 del
678 2214 725 2248 suo
744 2199 937 2262 regionamento
959 2196 1027 2262 (sino
1046 2197 1071 2247 al

618 2287 640 2320 v.
661 2268 725 2333 290)
753 2286 807 2320 era:
836 2269 941 2335 dunque
965 2286 1011 2335 per
1035 2285 1071 2318 un

618 2347 700 2406 punto
719 2340 761 2390 del
786 2348 872 2406 tempo
897 2341 985 2406 quegli
1014 2339 1071 2390 altri

618 2411 696 2476 spatii
715 2408 759 2476 piir
778 2411 878 2461 lontani
896 2427 960 2461 sono
974 2411 1071 2460 rimasti

618 2482 696 2533 vuoti.
716 2481 739 2531 Il
751 2489 828 2546 poeta
840 2497 893 2531 non
905 2482 962 2532 l'ha
974 2498 1071 2547 espres-

618 2571 652 2613 sa,
672 2549 765 2618 perche
781 2553 885 2602 assalito
898 2553 941 2602 nel
954 2553 1071 2618 pensiero

618 2625 651 2673 da
669 2640 722 2673 una
739 2625 907 2674 obbiezione:
934 2624 1037 2689 quando
1062 2623 1071 2672 i

618 2697 669 2746 due
679 2695 753 2760 piatti
761 2697 813 2745 han
822 2694 987 2754 combaciam,
1000 2693 1072 2743 l’aria

618 2783 671 2816 non
690 2763 819 2832 efuggita
831 2767 880 2825 via,
899 2761 941 2816 s'e
959 2766 1070 2816 conden-

618 2847 683 2900 sata;
695 2855 744 2888 con
753 2837 937 2888 l'allontanarsi
946 2837 988 2888 dei
997 2836 1071 2903 piatti

618 2911 689 2960 l’aria
708 2910 729 2960 si
749 2910 843 2961 rarefa:
860 2909 977 2975 equindi
991 2909 1072 2958 niuno

618 2982 703 3047 spazio
722 2983 821 3032 rimane
840 2981 891 3030 mai
915 2987 1000 3030 vuoto.
1020 2980 1070 3038 No,

619 3052 738 3117 risponde
751 3053 882 3117 Lucrezio,
899 3052 971 3102 l’aria
985 3068 1037 3101 non
1051 3051 1071 3100 si

618 3123 747 3173 condensa
763 3141 810 3190 per
824 3124 1026 3174 avvieinamento
1045 3121 1072 3170 di

619 3193 697 3258 corpi.
711 3193 755 3243 Ma
763 3197 938 3246 ammettiamo
948 3211 1012 3260 pure
1025 3193 1072 3242 che

618 3263 671 3314 cosi
684 3265 705 3312 si
718 3266 857 3320 condensi:
877 3283 951 3316 come
963 3263 1016 3331 pud
1030 3279 1071 3313 av·

618 3335 705 3385 venire
733 3335 753 3384 il
781 3338 1019 3388 condensamento?
1038 3335 1071 3384 ri·

618 3406 723 3456 traendo
742 3407 767 3458 le
785 3409 888 3474 proprie
909 3407 975 3474 parti
1000 3406 1073 3471 negli

619 3477 751 3528 interstizii
769 3479 852 3529 vuoti:
873 3479 978 3544 dunque
990 3478 1072 3528 anche

616 3549 791 3600 ammettendo
810 3549 861 3600 tale
879 3550 972 3616 ipotesi
991 3550 1014 3599 si
1026 3549 1072 3598 do-

617 3621 712 3670 vrebbe
737 3621 895 3672 riconoscere
921 3621 937 3670 1’
948 3619 1072 3670 esistenza

618 3691 659 3742 del
678 3699 763 3743 vuoto.
784 3691 864 3743 Come
881 3693 903 3742 si
915 3692 986 3752 vede,
1001 3691 1020 3740 il
1034 3708 1071 3740 ra·
