2756 4294
316 287 354 349 72
641 290 672 335 u.
695 282 828 336 nucum
851 289 862 331 ·:
920 289 934 320 1·

315 430 373 472 nec
394 409 486 474 validi
508 421 633 489 possunt
655 422 763 490 pontes
785 410 930 476 venientis
952 411 1040 489 aquai
1204 413 1277 488 285

313 498 375 560 vim
399 500 525 561 subitam
547 503 690 562 tolerare:
730 500 771 562 ita
793 521 902 580 magno
924 502 1061 564 turbidus
1083 501 1176 562 imbri·

314 587 444 650 molibus
465 588 595 663 incurrit,
619 589 725 650 validis
746 610 816 652 cum
838 590 959 667 viribus,
983 591 1087 664 amnis,

315 679 367 738 dat
387 678 486 740 sonitu
508 699 618 758 magno
640 690 765 758 stragem
789 679 941 758 volvitque
964 683 1020 742 sub
1043 679 1131 741 undis

313 767 437 846 grandia
459 787 528 828 sexa
549 768 609 830 ruit
631 788 690 846 qua
713 768 861 846 quidquid
884 768 1024 832 fluctibus
1045 772 1151 834 obstat.

314 855 356 918 sic
378 855 466 935 igitur
487 858 601 920 debent
622 857 703 920 venti
725 877 846 935 quoque
868 859 987 924 flamina
1009 858 1098 935 ierri;
1201 879 1272 938 ²90
1360 893 1361 916 r

313 964 390 1022 quae
413 945 503 1008 veluti
526 945 658 1012 validum
680 967 749 1010 cum
772 949 884 1010 flumen
906 950 1093 1026 procubuere
1360 953 1361 964 ‘

312 1053 402 1112 quam
424 1034 498 1096 libet
520 1034 552 1098 in
573 1046 698 1114 partem,
721 1037 844 1098 trudunt
865 1056 914 1100 res
937 1047 1008 1100 ante
1029 1047 1179 1116 ruuntque

312 1121 476 1204 impetibus
496 1124 616 1200 crebris,
640 1123 790 1189 interdum
813 1125 922 1192 vertice
944 1136 1024 1192 torto

312 1369 377 1408 rouo
404 1355 413 1406 i
438 1355 539 1406 tronchi
567 1356 636 1420 degli
664 1355 762 1419 alberi;
818 1371 880 1408 rone
900 1357 969 1421 dopo
982 1370 1034 1406 une
1046 1354 1180 1421 perticella
1200 1355 1272 1406 rela-

312 1424 367 1477 oosi
384 1442 447 1492 pure
465 1427 492 1476 in
510 1429 543 1490 V,
566 1425 640 1490 1284.
818 1429 869 1478 tiva
888 1429 1000 1493 adoperu
1024 1427 1152 1491 quidquid
1172 1425 1216 1476 nei
1237 1427 1275 1476 si·

351 1495 410 1560 287.
429 1499 536 1548 molibus
555 1498 689 1548 incurrit:
707 1496 764 1549 ciob
817 1499 940 1564 gnificato
959 1499 985 1549 di
1010 1499 1116 1562 aliquid,
1143 1497 1277 1562 quidquid

312 1569 341 1620 in
359 1569 443 1619 moles.
459 1569 542 1619 Moles
554 1571 598 1635 qui
610 1588 656 1636 per
668 1579 764 1621 costrn·
817 1577 874 1622 est:
895 1571 970 1620 Verr.
991 1582 1015 1634 2,
1035 1585 1060 1632 4,
1083 1581 1122 1632 13,
1143 1581 1174 1632 31
1197 1588 1208 1612 ι
1232 1570 1273 1617 ita

313 1640 382 1692 rioui
394 1642 531 1706 grundiose
541 1641 567 1691 di
578 1644 659 1708 ponti,
673 1642 763 1708 urgini,
818 1642 995 1690 odorabantur
1020 1642 1106 1690 onnia
1124 1646 1148 1688 et
1166 1647 1273 1703 perves-

313 1712 481 1778 mureglioni3
516 1709 570 1762 cosi
600 1730 663 1778 pure
694 1713 764 1762 nella
818 1713 968 1776 ligabantur
987 1719 1018 1764 ut
1034 1712 1080 1760 ubi
1096 1712 1224 1776 quidquid
1234 1727 1271 1760 es·

312 1799 391 1848 prosa
425 1782 551 1845 classice3
583 1785 627 1834 cfr.
663 1783 762 1847 Cesare,
817 1791 861 1842 set,
881 1785 934 1833 alia
958 1785 1058 1832 ratione
1083 1783 1268 1832 invenirent»

312 1854 346 1904 B.
361 1853 389 1905 C.
402 1856 422 1914 Ι,
437 1864 486 1920 253
500 1854 563 1918 Cio„
576 1855 618 1904 De
630 1857 672 1920 off
686 1868 711 1915 2,
728 1870 763 1918 4;
818 1851 866 1920 (=
884 1856 908 1904 si
924 1856 991 1920 quid
1005 1861 1072 1913 esset,
1090 1854 1218 1918 quidquid
1233 1870 1272 1903 rs·
1361 1859 1362 1906 1

317 1925 475 1987 Verr.2,4‚
500 1927 763 1992 53:1s0nsssuclu
817 1923 1270 1991 set);cir.Hellmuth,Deser-
1361 1927 1362 1964 i

313 2001 381 2048 totus
393 1998 546 2060 operiretur,
560 1998 612 2047 nisi
623 1998 764 2047 munitione
817 1997 899 2046 monis
921 1997 1130 2061 proprietatibus,
1152 2012 1216 2060 quae
1242 1997 1270 2045 in

314 2083 344 2118 ac
353 2069 416 2117 nole
425 2067 539 2132 lapidum
551 2069 763 2136 anrqridisiunc·
813 2069 947 2132 prioribus
968 2068 995 2117 C.
1018 2067 1176 2118 orationibus
1199 2067 1268 2116 inve·

312 2144 356 2188 tus
374 2145 437 2188 erret
456 2155 478 2188 ι.
499 2164 530 2175 -
549 2141 588 2192 Le
605 2141 763 2192 costruzione
817 2141 938 2198 niuntur,
967 2157 993 2203 p.
1022 2151 1078 2203 132.
1105 2138 1156 2188 Nel
1181 2147 1269 2189 nostro

312 2209 339 2259 di
375 2210 510 2259 incurrere
540 2211 581 2262 ool
617 2212 709 2271 dativo,
741 2213 763 2262 si
817 2227 893 2277 passo
915 2213 1034 2276 dunque:
1062 2210 1185 2260 «rovira
1212 2208 1269 2260 coli

313 2288 385 2332 trova
403 2281 485 2332 anche
506 2297 593 2347 presso
616 2283 674 2333 altri
692 2283 763 2333 sctit·
817 2283 883 2334 dove
902 2298 953 2332 una
972 2282 1093 2348 qualsinsi
1108 2297 1169 2330 cosa
1187 2283 1209 2332 si
1223 2299 1268 2346 op·

313 2352 382 2411 tori;
412 2352 456 2406 eir·
480 2353 582 2412 Ouidio,
611 2355 674 2404 Met.
703 2355 761 2418 VII,
817 2355 942 2419 pangaei
956 2354 1022 2404 flutti
1038 2349 1183 2404 »nonne
1199 2352 1269 2402 nulla

315 2424 367 2487 546
388 2442 400 2468 ι
420 2426 544 2476 armentis
556 2426 691 2474 incurrere
700 2422 763 2486 sor·
818 2441 834 2474 a
852 2433 957 2476 mutere.

312 2495 379 2544 tibur
404 2511 426 2546 ι.
451 2521 485 2534 ·-·
510 2497 606 2562 L'agg.
631 2497 725 2546 validis
748 2493 762 2546 ὲ
854 2509 914 2561 290.
932 2495 1004 2544 venii
1021 2494 1154 2559 flamina:
1177 2495 1205 2544 in
1223 2495 1268 2556 VI,

312 2566 346 2616 de
363 2567 437 2616 unire
455 2583 505 2618 con
522 2567 628 2618 viribus.
820 2576 868 2632 135
884 2587 896 2612 ι
910 2566 1025 2632 stamina
1038 2583 1096 2616 cum
1110 2565 1234 2630 Perflant
1247 2583 1268 2614 ι.

351 2635 410 2688 288.
430 2639 526 2689 dat...
544 2645 674 2703 stragem:
697 2653 764 2704 poco
854 2651 914 2703 291.
943 2637 1057 2688 Ordine:
1087 2653 1146 2686 cum
1171 2645 1268 2702 procu·

314 2705 359 2775 pin
376 2726 414 2772 su,
434 2708 487 2760 280
501 2729 513 2753 ι
528 2716 686 2775 stragemque
701 2718 762 2774 pro·
817 2708 893 2759 buere
910 2709 992 2759 ueluti
1007 2709 1121 2758 validum
1133 2707 1245 2772 flumen.

309 2786 413 2845 pagani
431 2799 453 2830 ι.
854 2793 913 2844 293.
943 2781 1036 2830 uertice
1063 2786 1148 2828 torto:
1177 2800 1190 2824 ι
1220 2795 1268 2830 eon

348 2850 408 2916 289.
434 2852 492 2902 ruit
507 2867 559 2916 qua
577 2851 719 2915 quidquid:
744 2851 763 2901 il
817 2857 931 2904 tortuoso
956 2853 1052 2901 vortice
1072 2869 1094 2910 ι,
1112 2851 1173 2902 dice
1196 2868 1212 2901 a
1235 2867 1269 2900 un

311 2922 464 2974 Lachmann
488 2939 503 2973 e
526 2923 545 2972 il
570 2924 675 2988 Brieger
697 2923 763 2970 ruit·
816 2924 930 2989 dipresso
950 2931 1046 2988 quanto
1069 2921 1113 2979 nel
1138 2939 1212 2973 verso
1230 2938 1269 2972 se·
1362 2923 1363 2964 Τ

312 3010 360 3058 que
385 2994 422 3044 ita
446 2994 577 3058 quidquid.
604 2995 616 3042 Ι
642 2995 763 3044 Leidensi
816 3003 910 3060 grente
925 2995 1025 3043 rotanti
1039 2993 1149 3044 turbine.
1168 2995 1214 3044 Mn
1227 2991 1269 3044 nel

311 3065 370 3114 ruit
381 3081 432 3129 qua
441 3065 571 3130 quidquid,
585 3082 627 3115 ma
640 3065 666 3114 la
680 3066 762 3130 prima
816 3067 934 3131 pensiero
958 3065 1102 3116 lucreziauo
1130 3066 1198 3116 forse
1219 3081 1269 3115 una

313 3153 391 3187 mano
412 3136 471 3188 dell'
486 3136 614 3204 oblongus
638 3153 716 3186 svera
734 3153 763 3185 ο·
816 3137 866 3186 fine
885 3138 1021 3187 differenza
1044 3135 1066 3186 v’
1079 3135 1101 3186 ὲ.
1126 3136 1151 3186 Il
1169 3137 1268 3188 turbine

312 3224 395 3258 messo
417 3208 436 3258 il
459 3225 517 3272 qua.
543 3207 610 3258 Nell'
622 3208 760 3274 archetipo,
815 3205 829 3257 ὲ
850 3209 989 3274 adopertio
1002 3208 1029 3258 in
1044 3224 1119 3258 senso
1139 3215 1267 3268 concreto.

312 3281 425 3330 secondo
449 3280 469 3330 il
493 3279 644 3331 Lachmann
669 3287 762 3345 potera
815 3279 848 3330 ed
864 3278 910 3330 eil
928 3279 1048 3346 prodotto
1062 3280 1104 3329 del
1117 3288 1195 3330 vento
1213 3295 1268 3330 ror·

312 3367 395 3402 essere
414 3362 506 3408 rutro.
525 3362 579 3410 ire,
595 3350 643 3400 che
659 3351 686 3400 fu
699 3351 761 3400 letto
815 3351 914 3410 ticoso;
938 3348 1024 3401 sicchi
1043 3351 1142 3417 precisa
1162 3348 1176 3400 ὲ
1195 3350 1211 3400 1¹
1222 3351 1267 3402 im·

312 3433 443 3479 Rurroun.
463 3407 564 3488 iiperb
576 3421 700 3488 possibile
714 3421 761 3472 che
816 3423 920 3488 megine
939 3421 981 3473 del
1000 3430 1077 3473 vento
1096 3421 1145 3472 che
1164 3422 1207 3473 col
1223 3437 1267 3472 suo

312 3494 350 3544 sie
374 3494 458 3559 giusto
483 3495 539 3544 ruit
563 3501 613 3557 qua
638 3493 766 3557 quidquid
815 3495 910 3544 vortice
935 3494 1032 3544 investe
1056 3493 1081 3543 le
1104 3509 1172 3554 cose,
1192 3511 1207 3544 e
1224 3491 1266 3558 poi

311 3564 433 3628 (Munror
469 3564 596 3629 quicquid,
628 3564 676 3616 che
708 3565 761 3630 egli
815 3565 858 3616 nel
876 3565 977 3616 turbine
1002 3565 1051 3616 che
1074 3565 1108 3616 da
1132 3581 1190 3616 esso
1209 3579 1265 3630 pro·

311 3653 381 3704 poue
398 3638 490 3703 eguale
511 3634 668 3702 equicque).
687 3636 762 3688 Cice·
815 3653 912 3703 rompe,
937 3637 963 3688 le
990 3645 1064 3704 porte
1091 3637 1142 3690 ria.
1172 3637 1264 3700 Querto
