2778 4286
262 295 322 366 146

600 305 630 351 T.
655 303 788 348 LUCRETI
811 304 884 346 cnm

258 443 288 492 et
310 429 439 508 primum
463 429 575 490 faciunt
598 429 697 507 ignem
721 451 753 490 se
775 440 890 489 vertere
914 429 945 488 in
970 449 1055 490 auras

257 519 341 592 aeris,
362 517 433 578 hinc
455 517 556 595 ignem
579 518 669 596 gigni,
694 529 864 595 terramque
888 517 981 579 creari

259 607 387 686 exigui,
412 616 551 682 retroque
575 629 592 666 a
615 618 692 666 terra
715 617 823 668 cuncta
845 607 961 677 reverti,

1155 609 1221 684 785

259 717 393 758 umorem
418 695 557 772 primurn,
583 705 652 772 post
674 704 750 769 a'e‘ra,
776 696 887 756 deinde
910 698 1049 770 calorem,

258 806 315 847 nec
338 803 453 846 cessare
475 786 549 844 haec
571 783 649 844 inter
673 804 704 844 se
727 795 851 860 mutare,
876 805 975 845 meare

260 1022 319 1064 tano
328 1014 527 1079 diEmpedocle,
538 1031 551 1062 e
561 1009 653 1078 poiche
663 1013 712 1062 aila

260 1087 374 1136 dottrina
391 1086 418 1133 di
436 1085 596 1150 Empedocle
615 1087 712 1134 ritorna

258 1158 277 1206 il
297 1165 373 1222 poeta
392 1157 420 1204 in
444 1155 495 1218 803
525 1173 539 1205 e
568 1171 647 1220 segg„
667 1155 713 1214 ,mi

259 1245 304 1294 par
324 1227 350 1276 di
374 1226 492 1275 intuitiva
521 1226 640 1276 evidenza
664 1227 711 1275 che

260 1300 281 1348 si
300 1298 375 1346 abbia
394 1298 439 1362 qui
457 1313 493 1346 un
505 1313 580 1362 passo
599 1298 711 1357 intruso;

260 1385 312 1418 uno
332 1369 358 1416 di
378 1369 438 1433 quei
460 1370 527 1434 passi
553 1368 679 1433 composti
698 1385 713 1416 a

261 1448 333 1506 parte
358 1440 400 1488 dal
426 1446 502 1505 poeta
529 1439 713 1506 per.metterli

260 1512 304 1577 poi
323 1528 338 1559 a
358 1517 432 1576 posto
448 1527 496 1560 con
509 1511 647 1576 opportuni
660 1511 712 1558 col·

262 1582 409 1646 legamenti‚
430 1598 443 1631 e
463 1583 509 1631 che
525 1582 618 1630 furono
638 1581 713 1630 messi

260 1671 275 1702 a
293 1653 406 1702 casaecio
426 1653 468 1702 dai
487 1653 647 1716 raccoglitori
672 1653 713 1701 dei

262 1725 319 1774 suoi
350 1724 514 1774 manoscritti.
545 1724 577 1771 V.
608 1730 668 1772 nota
700 1741 714 1772 a

263 1807 352 1859 790·1.
372 1797 402 1844 In
421 1802 518 1860 quanto
536 1795 586 1842 aila
604 1794 715 1842 dottrina

262 1869 282 1917 11
300 1869 394 1916 Munro
422 1865 455 1930 (e,
481 1865 675 1926 naturalmente,
695 1865 714 1912 11

264 1935 396 2000 Giussani)
406 1952 469 2002 pure
481 1936 655 1984 ammettendo
668 1936 715 1984 che

262 2008 385 2059 Lucrezio
407 2007 482 2056 abbia
503 2006 591 2054 voluto
606 2007 715 2070 prender

262 2079 289 2126 (11
307 2079 371 2126 mira
398 2073 482 2131 Γὸὃός
508 2073 564 2126 ἄνω
590 2074 663 2125 κάτω
689 2077 715 2125 (11

264 2149 386 2211 Eraclit0‚
406 2163 485 2212 pensa
503 2144 565 2211 pero
581 2147 627 2196 che
640 2147 716 2195 abbia

264 2219 352 2267 voluto
382 2217 478 2282 eolpire
501 2217 613 2266 Eraclito
641 2225 716 2266 attra-

263 2305 335 2338 verso
354 2289 391 2352 gli
410 2289 489 2340 Stoici
509 2305 522 2336 e
541 2289 587 2337 che
604 2289 635 2338 ad
655 2291 715 2338 Era·

262 2361 324 2408 ciito
342 2376 394 2408 non
412 2360 434 2408 si
448 2360 572 2424 potrebbe
585 2361 716 2409 attribuite

262 2433 287 2480 la
313 2431 439 2480 rotazione
467 2431 509 2480 dei
537 2438 638 2496 quattro
665 2431 716 2480 ele-

263 2502 351 2561 menti,
372 2502 397 2550 1ο
421 2503 498 2567 quale
524 2518 570 2566 per
593 2509 682 2550 contro
702 2498 716 2550 ὲ

262 2573 333 2637 degli
352 2573 445 2632 Stoici;
473 2590 487 2622 e
514 2573 564 2621 cita
588 2574 628 2620 De
650 2573 715 2623 Nat.

264 2646 355 2703 Deor„
378 2645 410 2703 11,
437 2643 478 2704 84.
508 2643 560 2692 Noi
587 2644 716 2692 crediamo

265 2717 312 2766 che
332 2714 455 2764 Lucterio
474 2715 555 2764 anche
581 2715 626 2778 qui
645 2715 717 2763 iden-

265 2784 346 2834 tifichi
364 2785 401 2848 gli
420 2785 498 2834 Stoici
517 2785 541 2833 ai
560 2785 663 2846 seguaci
690 2785 716 2833 di

263 2856 384 2914 Eraclito,
405 2872 419 2905 e
438 2855 484 2905 che
508 2855 541 2904 ad
565 2857 677 2906 Eraclito
697 2857 719 2904 si

265 2925 379 2976 riferisca
397 2924 411 2975 ὲ
431 2927 517 2992 palese
544 2943 589 2993 per
610 2927 653 2976 noi
673 2943 718 2991 per

264 2995 412 3046 l’allusione
430 2998 476 3046 che
495 2993 509 3045 ὲ
528 2998 570 3047 nei
594 3013 633 3046 vv.
654 3008 718 3060 792-

265 3081 299 3132 31
318 3085 341 3116 v·
360 3073 421 3116 nota
440 3084 454 3116 a
474 3067 582 3131 670-71.
605 3067 738 3118 Eraciito'

264 3138 405 3202 insegnava
430 3138 519 3203 (Diog.
545 3140 650 3202 L.‚1x,
672 3137 717 3204 9):

264 3205 449 3273 πυκνούμενον
470 3206 500 3259 τὸ
521 3215 575 3275 πῦρ
600 3206 717 3276 ἒξογροί·

265 3277 357 3330 νεοθαι
371 3277 554 3344 συνιστάμενόν
563 3299 590 3330 τε
600 3279 718 3346 γίνεσθαι,

265 3347 350 3415 ὕδωρ,
369 3349 534 3417 πηγνύμενον
552 3349 582 3402 δὲ
600 3349 628 3401 τὸ
642 3350 716 3417 ὕδωρ

266 3419 302 3476 εἷς
321 3426 370 3487 γῆν
387 3419 536 3488 τρέπεσθαι.
555 3419 601 3473 καὶ
623 3421 718 3488 ταύτην

265 3488 328 3542 ὁδὸν
345 3489 387 3542 ἐπὶ
405 3489 434 3542 τὸ
458 3490 532 3544 κάτω
557 3489 621 3544 εἶναι
643 3491 717 3558 λέγει.

265 3559 342 3613 πάλιν
360 3581 386 3614 τε
404 3560 438 3614 οὗ
461 3561 507 3630 τὴν
533 3569 581 3630 γῆν
604 3563 717 3630 χεῖσθαι,

266 3630 296 3693 ἕξ
313 3630 345 3700 ἧς
364 3631 392 3685 τὸ
410 3633 485 3701 ὕδωρ
504 3633 628 3702 γίνεσθαι,
644 3633 675 3686 ἔκ
689 3631 718 3688 δὲ

767 1011 859 1062 τούτου
880 1009 908 1063 τὰ
920 1010 1004 1062 λοιπά.
1018 1013 1112 1062 Manca
1126 1014 1153 1062 in
1167 1013 1223 1064 tale

767 1090 961 1134 enumerazione
998 1085 1083 1133 Paria?
1114 1085 1159 1132 Ma
1189 1101 1221 1134 se

767 1171 905 1214 mancasse,
925 1157 1099 1220 leggeremmo
1120 1155 1148 1203 in
1167 1153 1223 1205 fine

766 1223 797 1274 ἐκ
816 1222 846 1275 δέ
865 1223 956 1276 τούτου
974 1224 1004 1276 τό
1021 1229 1073 1290 πῦρ
1081 1244 1093 1284 ,·
1120 1241 1147 1275 se
1172 1222 1224 1274 c'e

766 1293 797 1346 τὰ
806 1293 884 1346 λοιπὰ
897 1294 911 1345 ὸ
924 1298 955 1346 da
966 1297 1068 1347 credere
1078 1298 1125 1346 che
1137 1296 1223 1346 anche

767 1369 835 1418 nella
854 1369 936 1434 prima
954 1376 1025 1433 parte
1043 1368 1115 1417 l'aria
1131 1367 1169 1416 sia
1178 1367 1220 1416 in·

766 1440 859 1500 dicata,
872 1440 898 1487 in
917 1439 995 1504 quell¹
1006 1435 1215 1504 ἐξυγραίνεσθαι,

767 1511 840 1575 quasi
859 1526 933 1560 come
952 1511 1034 1559 forma
1053 1526 1129 1564 meno
1148 1510 1222 1558 arida

767 1581 809 1630 dei
822 1581 906 1630 succo.
916 1582 951 1630 Di
965 1581 1043 1630 chesi
1055 1581 1142 1630 hanno
1154 1580 1222 1630 altre

767 1667 861 1716 prove:
881 1667 916 1700 un
928 1651 1082 1701 frammento
1095 1651 1121 1700 di
1134 1651 1220 1700 Eracl.

767 1729 854 1782 stesso,
882 1723 962 1781 Diels,
993 1723 1026 1784 76
1057 1721 1145 1786 ζῇπῦρ
1176 1717 1224 1772 τὸν

767 1789 844 1855 ἀέρος
866 1789 979 1842 θάνατον
1004 1809 1056 1843 ecc.
1084 1793 1145 1854 (ove
1167 1809 1223 1842 non

768 1879 850 1926 veggo
869 1864 974 1926 ragione
987 1864 1013 1912 di
1026 1870 1168 1929 sospettare
1181 1865 1224 1912 col

767 1935 841 1984 Diels
869 1935 885 1982 i'
896 1935 1038 1984 intrusione
1066 1935 1127 1984 deil'
1142 1931 1224 1998 ἀέρος

768 2022 813 2070 per
831 2006 958 2055 influenza
982 2004 1080 2070 stoica),
1102 2023 1116 2056 e
1145 2005 1171 2056 le
1185 2013 1224 2056 te-

769 2077 936 2126 stimonianze
946 2076 973 2124 di
991 2077 1070 2127 Aezio
1089 2077 1109 2136 1,
1128 2089 1153 2140 3,
1171 2091 1223 2139 11;

771 2148 878 2206 Galeno,
902 2150 931 2196 dc
957 2148 987 2196 el.
1010 2164 1056 2197 sec.
1083 2149 1176 2212 Hipp„
1200 2148 1223 2208 1,

770 2233 821 2282 443
848 2219 881 2266 K.
907 2219 999 2282 (Diels,
1022 2236 1047 2284 p.
1070 2216 1127 2283 40).
1145 2220 1184 2281 ·V.
1202 2219 1224 2267 il

770 2289 822 2338 mio
842 2289 892 2340 vol.-
912 2307 937 2355 p.
958 2288 991 2352 78
1010 2305 1065 2353 sgg.

807 2359 867 2422 782.
886 2368 1009 2424 repetunt
1019 2361 1127 2430 aeireq.
1141 2361 1225 2410 anche

769 2431 838 2480 nella
848 2447 922 2496 prosa
935 2431 1046 2491 classica,
1057 2432 1226 2498 corrisponde

769 2519 784 2550 a
803 2502 864 2567 quel
883 2503 929 2552 che
942 2503 986 2550 noi
1000 2502 1140 2553 diremmo:
1162 2523 1175 2547 ι
1190 2503 1225 2552 ri-

769 2573 877 2636 salgono
896 2573 952 2620 sino
971 2589 1022 2632 a»,
1043 2589 1089 2639 per
1108 2574 1164 2624 dire
1177 2574 1228 2624 che

770 2659 821 2692 una
840 2644 989 2693 trattazione
1013 2645 1035 2693 si
1061 2645 1174 2696 cominci
1192 2645 1228 2694 da

769 2730 805 2763 un
824 2714 884 2763 dato
903 2721 992 2780 punto.

806 2784 896 2849 784·5.
916 2786 975 2833 hinc
993 2786 1085 2850 ignem,
1105 2803 1138 2835 ex
1150 2788 1208 2851 igni
1217 2803 1229 2834 .·

770 2855 823 2904 cosi
842 2857 885 2906 nei
903 2855 993 2916 codd.;
1014 2857 1045 2906 ed
1059 2857 1149 2906 invece
1168 2857 1195 2906 di
1207 2874 1227 2905 a

771 2934 853 2986 terra,
876 2928 905 2976 in
925 2935 1030 2976 terram.
1050 2927 1077 2978 Si
1098 2923 1171 2977 muto
1191 2928 1227 2976 da

770 2997 844 3046 molti
863 2999 922 3046 hinc
943 2999 1055 3056 imbrem,
1076 3015 1108 3048 ex
1126 2999 1230 3058 imbri,-

771 3085 813 3118 ma
832 3085 854 3118 v.
878 3068 897 3116 il
920 3068 971 3116 mio
993 3068 1043 3118 vol.
1065 3085 1090 3134 p.
1118 3080 1159 3134 77.
1185 3069 1228 3119 La

770 3139 914 3190 mutacione
941 3139 985 3188 noi
1009 3153 1062 3188 non
1087 3140 1228 3190 riteniamo

770 3210 854 3260 sicura
872 3225 917 3276 per
937 3209 947 3258 i
971 3210 1088 3260 riscontri
1112 3227 1162 3260 con
1180 3213 1225 3261 Er.

770 3281 910 3344 Leggendo
923 3281 1006 3345 ignem
1017 3282 1094 3346 gigni
1110 3282 1129 3331 il
1148 3297 1227 3347 passo

771 3352 792 3400 si
814 3353 920 3401 accorda
943 3367 993 3401 con
1013 3353 1097 3402 Eracl.
1120 3353 1227 3402 framm.

772 3422 805 3484 76
832 3423 879 3482 D.;
908 3422 1036 3488 leggendo
1062 3439 1094 3472 ex
1119 3425 1176 3490 igni
1203 3425 1229 3474 si

770 3494 877 3544 accorda
903 3509 952 3543 con
976 3494 1061 3554 Aezio,
1086 3495 1106 3556 Ι,
1133 3507 1157 3557 3,
1185 3508 1230 3558 11,

770 3581 795 3630 p.
814 3577 850 3626 40
869 3564 900 3613 D.

808 3634 868 3699 787.
887 3652 933 3685 nec
950 3651 1048 3686 cessare
1073 3637 1134 3686 haec
1155 3636 1232 3688 inter
