2756 4294
301 287 361 342 128

635 295 666 342 Τ.
690 293 824 340 Lucum
846 295 920 340 cnm

297 443 355 485 nec
376 421 513 495 rarefieri,
538 421 562 482 si
580 432 678 500 partes
700 420 776 499 ignis
799 423 926 482 eandem

208 523 212 530 '
296 523 431 572 naturam
455 531 544 590 quam
567 521 647 571 totus
668 512 760 570 habet
782 529 871 608 super
893 508 969 588 ignis
993 511 1149 572 haberent

296 599 391 662 acrior
415 602 503 662 ardor
526 599 606 660 enim
629 599 785 660 conductis
794 571 940 677 partibus
963 609 1050 671 esset,

1189 603 1263 678 650

296 689 465 768 languidior
486 708 576 768 porro
598 687 729 749 disiectis
751 687 857 764 disque
880 686 1006 765 supatis:

295 779 425 857 amplius
447 780 505 839 hoc
527 777 590 838 fieri
613 777 655 836 nil
678 786 722 836 est
744 778 828 853 quod
850 795 938 854 posse
960 775 1050 836 rearis

296 867 405 928 talibus
427 866 459 926 in
482 865 585 939 causis
610 867 723 926 nedum
746 865 890 926 variantia
912 883 1011 924 rerum

296 967 379 1016 tanta
401 965 491 1032 queat
514 954 615 1014 densis
636 954 768 1031 rarisque
792 973 829 1014 ex
851 953 972 1032 ignibus
1000 971 1074 1012 esse.

296 1044 328 1106 id
351 1046 491 1122 q'uoque:
516 1043 541 1104 si
564 1043 673 1106 faciant
694 1041 860 1102 admixtum
883 1043 973 1102 rebus
997 1040 1095 1114 inane,

331 1289 392 1350 649.
405 1295 500 1352 super:
515 1303 569 1338 avv.
582 1309 617 1328 =
629 1288 744 1351 insuper,

295 1361 389 1408 etiam:
414 1379 425 1401 ι
446 1359 493 1408 che
512 1359 545 1407 ha
563 1359 644 1407 anche
665 1358 690 1407 la
709 1364 745 1406 to·

297 1427 368 1478 talita
395 1429 437 1480 del
462 1429 538 1480 fuoco
565 1448 587 1480 ι.
616 1431 648 1478 Iu
670 1445 746 1494 prosa

296 1502 359 1550 sotis
376 1509 503 1564 superque
522 1498 587 1565 (Cic.
602 1501 683 1550 Amic.
705 1513 744 1564 13,

294 1569 350 1637 45).
375 1573 459 1636 Super
477 1587 531 1620 avv.
557 1567 570 1618 ὲ
593 1571 743 1636 frequente:

295 1641 360 1692 oltre
374 1641 381 1690 i
401 1642 468 1706 passi
481 1642 579 1690 addotti
596 1643 639 1690 dal
652 1643 745 1690 Munro

296 1714 340 1762 cir.
359 1713 466 1762 Metam.
486 1713 542 1771 XV,
565 1712 633 1775 308;
653 1713 744 1763 Orazio

295 1785 638 1848 Sat.1,2,65;11‚7,78;
658 1785 743 1846 Epist.

295 1856 327 1919 Il,
357 1868 380 1915 2,
407 1869 439 1920 33
465 1871 515 1905 ecc.
545 1881 578 1889 -
607 1857 743 1902 haberent:

295 1927 411 1976 evidente
428 1927 572 1975 correzione
585 1941 631 1989 per
643 1926 746 1973 haberet

294 2013 310 2045 o
328 1999 418 2046 habere
436 1997 478 2046 dei
497 1997 611 2046 leidensi.

331 2070 390 2132 656.
404 2068 536 2116 conductis
544 2067 680 2130 partibus:
698 2082 744 2130 per

294 2140 415 2188 denotare
440 2137 459 2185 il
486 2138 702 2186 condensameuto
730 2135 744 2185 ὲ

294 2205 338 2274 pili
358 2208 579 2274 particolarmente
605 2207 745 2257 dichiarato

293 2280 337 2328 dal
354 2297 378 2330 v.
397 2290 447 2342 397
464 2281 551 2342 partis
564 2280 727 2327 conducere'
715 2297 744 2328 tn

293 2367 384 2400 unum.

329 2421 389 2484 651.
414 2421 581 2484 languidior:
606 2420 615 2468 i
636 2419 744 2470 leidensi

293 2488 354 2556 perd
380 2493 407 2540 in
435 2500 525 2556 questo
556 2507 630 2558 passo
658 2492 744 2540 hanno

293 2563 431 2626 langidior,
467 2577 540 2611 come
568 2565 663 2612 altrove
686 2565 742 2610 lan·

1188 1044 1261 1120 ⁶55

800 1286 922 1336 elementi
958 1287 1036 1350 ignei.
1067 1313 1100 1322 -
1137 1288 1237 1336 nedum
1251 1306 1263 1336 .·

802 1378 814 1403 ι
836 1363 906 1407 tanto
930 1373 1006 1407 meno
1031 1357 1076 1422 poi
1100 1377 1123 1406 ι.
1148 1357 1175 1408 si
1198 1365 1260 1409 sot-

800 1428 915 1478 tintende
952 1429 1181 1478 necessariamente
1217 1438 1262 1479 est

800 1506 847 1548 ut:
878 1518 890 1541 ι
917 1495 931 1546 ὲ
959 1499 1082 1565 possibile
1110 1500 1156 1550 che
1182 1506 1259 1550 tanta

799 1567 893 1619 varieti
917 1570 943 1618 di
965 1585 1048 1620 cose...
1071 1589 1092 1619 ι.
1117 1571 1257 1622 Probabil-

799 1649 885 1690 mente
903 1641 1017 1690 Eraclito
1036 1656 1087 1690 non
1102 1641 1206 1706 parlava
1227 1643 1256 1692 di

798 1712 1000 1762 condensazione
1014 1729 1028 1761 e
1041 1712 1194 1761 rarelazione
1209 1713 1258 1762 nel

798 1797 873 1832 senso
886 1782 1027 1832 solamente
1040 1782 1118 1832 fisico.
1136 1782 1159 1832 11
1172 1783 1256 1833 fuoco

799 1869 841 1902 era
870 1869 916 1917 per
944 1853 980 1901 lui
1011 1861 1096 1903 eterea
1125 1860 1255 1914 sostanza,

798 1923 1001 1974 manifestantesi
1011 1924 1079 1974 nelle
1089 1925 1170 1973 forme
1184 1931 1256 1974 tutte

798 1993 865 2043 della
883 1995 935 2044 vita
953 2012 967 2044 e
979 1995 1128 2058 regolatrice
1140 1995 1201 2044 dell'
1210 2011 1257 2044 or-

798 2065 857 2114 dine
882 2061 1040 2116 universale:
1065 2068 1132 2126 Aet,
1152 2065 1194 2125 28,
1219 2080 1253 2120 ις

798 2133 864 2198 αὕτη
878 2132 1003 2199 (οὐσια
978 2153 1102 2200 ειμαρμει
1104 2139 1146 2200 ης)
1159 2132 1209 2184 d
1196 2133 1255 2186 εστὶ

799 2203 828 2255 τὸ
846 2203 964 2270 αἰθέριον
982 2211 1069 2270 σῶμα,
1089 2204 1191 2269 σπέρμα
1203 2211 1254 2272 τῆς

799 2281 844 2327 τοῦ
870 2276 965 2332 παντός
987 2276 1111 2341 γενέσεως
1136 2274 1183 2327 καὶ
1203 2295 1253 2328 πε-

798 2347 889 2412 ριόδου
907 2345 1002 2412 μέιρον
1021 2345 1183 2414 τεταγμένης

834 2421 866 2486 65
871 2432 894 2486 5.
913 2422 944 2468 id
959 2437 1077 2484 quoque:
1095 2420 1254 2471 liberissima

798 2491 973 2544 costruzione:
996 2509 1008 2533 α
1028 2491 1151 2556 aggiungi
1169 2491 1254 2544 anche

798 2570 888 2626 questo
911 2578 922 2603 ι
948 2583 983 2603 =
1002 2570 1146 2626 praetcrea.
1167 2587 1201 2597 -
1229 2565 1256 2611 si

289 2649 347 2696 gor,
370 2635 495 2696 langebat.
521 2634 581 2683 Non
605 2631 619 2680 ὲ
644 2633 743 2682 escluso
788 2633 919 2696 fociant:
938 2631 1024 2681 allude
1043 2632 1253 2697 probabilmente

293 2706 340 2753 che
359 2720 407 2768 pur
426 2711 515 2768 queste
533 2705 614 2753 forme
629 2720 743 2754 nvessero

292 2777 344 2823 vita
363 2776 390 2823 in
403 2775 490 2824 latino.
511 2775 532 2822 ll
546 2776 585 2822 dis
598 2774 639 2823 del
654 2776 743 2836 disque

293 2846 340 2894 che
350 2861 428 2908 segue
442 2844 455 2894 ὲ
466 2845 606 2894 necessaria
620 2845 743 2908 aggiunta

293 2916 354 2966 dell'
364 2917 448 2965 antico
473 2923 609 2964 correttore
632 2915 691 2964 dell’
702 2917 742 2962 ob-

293 2987 392 3051 longus.
406 2987 507 3035 Tmesi:
525 2987 684 3050 dis-eupolis.
699 2984 742 3034 Gli

293 3057 400 3122 esempii
422 3056 557 3106 luereziani
582 3057 607 3106 di
626 3057 700 3106 tmesi
719 3073 741 3106 v.

292 3143 380 3247 pre6sso
399 3127 493 3176 Munro
512 3143 526 3176 a
545 3143 567 3177 v.
586 3140 647 3193 452.

328 3199 390 3262 6520
402 3199 513 3262 ontplius
523 3199 568 3246 hoc
574 3200 652 3262 fieri.
650 3217 655 3228 ·
671 3219 682 3242 α
695 3199 742 3248 che

292 3285 405 3334 avvenga
425 3265 469 3334 piu
487 3269 513 3318 di
532 3277 666 3334 questo»
686 3265 742 3317 cioe

292 3357 345 3390 non
363 3338 416 3406 pud
434 3341 552 3390 avvenire
575 3341 742 3418 generazione

291 3412 318 3460 di
336 3413 415 3461 nuovi
434 3411 518 3462 esseri.

328 3483 388 3548 653.
401 3491 428 3532 ta
430 3482 522 3532 libus
510 3499 539 3530 m
553 3484 651 3531 causis:
667 3501 677 3525 ι
693 3497 742 3547 eon

292 3553 336 3602 tali
355 3569 430 3602 cause
451 3573 473 3613 ι,
494 3552 579 3618 quelle
600 3549 655 3602 cio'e
674 3539 743 3602 della

291 3624 491 3674 condensazione
511 3641 525 3673 e
545 3624 700 3674 rarefazione
716 3624 742 3673 di

797 2703 848 2766 agli
874 2703 960 2763 Stoici,
987 2703 995 2751 i
1023 2703 1094 2768 quali
1118 2719 1172 2752 non
1194 2719 1253 2752 am-

797 2781 942 2823 mettevano
955 2773 974 2822 il
992 2780 1069 2822 vuoto
1082 2773 1184 2823 interno
1199 2774 1254 2824 alle

797 2859 863 2894 cose.
889 2845 911 2892 E
936 2845 1141 2909 probabilmente
1169 2845 1253 2895 anche

796 2915 909 2964 Eraclito
927 2922 1080 2966 ammetteva
1099 2916 1124 2964 la
1136 2915 1254 2964 conden-

796 2985 897 3035 sazione
916 3003 930 3036 e
952 2985 976 3034 la
995 2986 1150 3036 raresazione
1173 3001 1254 3035 senza

797 3065 882 3116 vuoto,
902 3055 999 3106 benche
1018 3057 1091 3106 aneh’
1099 3057 1151 3121 egli
1169 3057 1254 3106 inter·

797 3133 908 3192 pretasse
922 3129 947 3176 la
959 3127 1160 3177 condensazione
1173 3143 1252 3177 come

797 3213 833 3246 un
860 3198 955 3247 ritrarsi
983 3198 1049 3248 delle
1077 3199 1143 3264 parti
1168 3199 1196 3246 in
1223 3195 1254 3248 se

797 3275 883 3328 stesse,
898 3269 988 3318 stando
1000 3269 1051 3318 nlla
1061 3269 1254 3319 informazione

796 3340 823 3388 di
847 3340 933 3400 Aezio,
962 3341 981 3398 Ι
1008 3355 1032 3404 3,
1063 3355 1092 3390 11
1123 3337 1254 3424 (Diels,

797 3411 913 3474 Doxogr.
934 3409 997 3496 293)
1014 3414 1120 3474 πρῶτον
1137 3405 1255 3474 μὲνγὰρ

796 3475 825 3529 τὸ
843 3481 1071 3545 παχυμερέστατον
1095 3479 1177 3532 αὐτοῦ
1198 3478 1253 3548 [sc.

796 3549 932 3616 πυρός]’
908 3569 944 3606 εις
963 3549 1026 3602 aoid
1049 3549 1256 3617 συστελλόμενον

796 3626 830 3690 γῆ
848 3621 965 3688 γίγνεται.
