2756 4294
453 317 494 359 DE
514 319 623 362 RERUM
646 317 786 362 NATURA.

139 443 272 522 denique
296 443 320 504 si
343 441 480 504 minimas
502 443 534 504 in
556 443 647 522 partis
669 453 776 506 cuncta
797 441 905 504 resolvi

139 553 248 611 cogere
272 544 444 593 consuesset
466 552 564 593 rerum
587 543 692 592 natura
714 531 847 605 creatrix,

139 621 201 681 iam
223 621 267 682 nil
291 639 328 680 ex
350 620 408 681 illis
430 623 535 682 eadem
559 641 696 699 reparare
718 623 831 682 valeret

139 721 299 788 propterea
321 708 399 786 quia,
424 730 501 787 quae
526 710 616 770 nullis
638 720 707 770 sunt
729 709 862 788 partibus
884 717 980 782 aucta,

139 818 204 859 non
228 808 353 876 possunt
375 817 411 858 ea
433 818 511 875 quae
534 800 626 860 debet
649 797 784 876 genitalis
806 799 918 858 habere

138 887 287 960 materies,
312 885 410 946 varios
432 906 564 948 conexus
586 889 721 965 pondera
742 889 844 966 plagas

138 994 301 1038 concursus
323 985 431 1050 motus
456 995 510 1053 per
532 995 608 1054 quos
630 995 676 1036 res
699 995 835 1053 quaeque
858 984 1010 1054 geruntur.

138 1243 212 1302 parte
230 1234 294 1286 ch'e
317 1251 401 1284 mussa
424 1234 477 1300 (Dc
495 1237 591 1297 anima,

138 1309 162 1366 Ι,
180 1320 205 1369 4,
228 1305 280 1370 19).
306 1310 424 1358 Eaveva
448 1324 497 1372 pur
522 1307 592 1358 detto

138 1376 229 1443 (Phys.
243 1378 287 1438 VI,
301 1392 340 1441 10,
355 1377 394 1442 1):
407 1398 419 1422 ι
433 1379 459 1426 in
470 1395 505 1426 un
515 1393 592 1444 corpo

139 1449 187 1498 che
210 1450 232 1498 si
257 1465 356 1509 muove‚
383 1450 501 1498 ciascuna
524 1450 592 1500 delle

138 1520 206 1586 parti
234 1520 266 1568 ha
295 1535 331 1570 un
361 1520 517 1570 movimento
544 1536 591 1571 suo

138 1591 247 1650 diverso¹
268 1607 282 1641 e
308 1591 363 1640 solo
383 1590 434 1640 cosi
460 1607 495 1642 un
514 1606 592 1656 corpo

138 1663 161 1712 si
191 1677 300 1723 mnove3
333 1663 438 1726 dunque
468 1662 484 1711 1'
497 1669 590 1722 atomo,

137 1733 186 1782 che
200 1748 252 1781 non
269 1733 302 1782 ha
315 1733 387 1799 parti,
402 1748 453 1782 non
467 1733 592 1798 potrebbe

138 1804 267 1853 mnoversi
292 1821 313 1854 ι,
340 1804 452 1868 Epicuro
477 1804 589 1869 rispose:

136 1875 155 1923 l'
166 1882 253 1924 atomo
271 1875 304 1923 ha
322 1875 395 1940 parti,
415 1891 457 1924 ma
481 1890 534 1923 non
552 1875 590 1924 di·

137 1945 252 2006 visibili;
280 1946 369 2010 quindi
388 1946 468 1996 anche
486 1947 591 1996 l'atomo

137 2017 161 2066 si
184 2013 237 2082 puri
262 2031 390 2066 muovere.
417 2018 457 2067 Ed
482 2033 527 2066 ora
546 2017 602 2082 qui*

136 2087 194 2137 dice
213 2087 352 2138 Lucrezio:
379 2103 406 2137 se
429 2089 446 2136 1'
457 2095 543 2137 atomo
568 2088 590 2137 si

137 2159 264 2228 dividesse
282 2159 351 2208 nelle
369 2174 414 2208 sue
432 2166 522 2222 partes
541 2161 589 2207 mi·

137 2230 230 2288 nimae,
260 2236 349 2295 queste
377 2229 424 2279 che
454 2229 589 2279 sarebbero

137 2316 213 2350 senza
248 2301 322 2366 parti,
353 2316 406 2350 non
436 2301 589 2365 potrebbero

137 2371 274 2420 mnoversi.
288 2372 311 2421 ll
323 2372 525 2434 regionamento,
537 2370 589 2420 cosi

135 2438 224 2490 com’e
235 2443 262 2491 in
275 2443 405 2503 Lucrezio,
418 2459 471 2491 non
484 2442 505 2490 si
518 2457 587 2490 com·

136 2513 242 2577 prende.
262 2514 294 2563 V.
308 2515 383 2563 siud.
397 2514 463 2571 crit„
477 2530 502 2577 p.
518 2511 588 2576 56·7.

174 2581 234 2632 628.
254 2593 365 2632 cuncta:
383 2583 403 2632 il
422 2599 474 2633 non
493 2584 587 2649 adope-

137 2670 193 2704 rare
211 2653 236 2702 la
260 2655 348 2720 parole
372 2662 480 2713 atomus,
500 2655 537 2720 gli
555 2657 588 2703 ha

136 2724 202 2774 fatto
231 2726 324 2774 evitare
350 2725 482 2775 l'assurdo
507 2741 589 2775 enun-

136 2797 204 2846 ciato
226 2795 378 2846 dell'atomo
403 2796 450 2858 (=
463 2796 588 2846 ‚indivisi-

135 2865 201 2929 bile)
219 2868 343 2916 divisibile
362 2863 487 2932 (resolvi).

174 2937 234 3000 630.
250 2939 352 2986 eadem:
371 2945 477 2988 naiura.
492 2963 524 2972 —
543 2954 588 2986 va-

136 3007 222 3058 leret:
241 3028 254 3053 c
276 3009 387 3058 arrebbe
405 3007 430 3056 la
449 3007 518 3058 sorra
538 3029 560 3059 ι.

172 3079 234 3142 631.
248 3081 370 3143 partibus
387 3085 482 3127 aucta:
503 3099 515 3122 c
536 3079 587 3128 ior·

135 3150 191 3200 nite
213 3150 240 3199 di
264 3150 330 3214 parti
355 3170 377 3200 ι.
404 3149 426 3200 ΙΙ
449 3150 543 3200 Munro
561 3150 587 3213 (e

136 3219 236 3286 Giuss.)
248 3222 298 3270 cita
311 3221 418 3286 esempii
430 3220 463 3269 da
475 3220 587 3270 Catullo.

135 3292 167 3342 V.
188 3293 267 3342 Lucr.
287 3291 318 3350 V,
342 3303 407 3355 1417
434 3311 446 3336 c
468 3293 586 3342 cubilia...

127 3363 273 3427 frondibus
300 3371 377 3412 aucta
403 3380 433 3424 »;
463 3364 509 3422 111,
536 3363 588 3426 630

137 3453 149 3478 ι
170 3435 299 3483 animas...
321 3434 436 3482 sensibus
457 3441 547 3482 arceias
573 3452 585 3477 ι

134 3501 221 3569 (come
246 3504 274 3552 in
298 3504 346 3562 ΙΙΙ,
366 3504 447 3567 626);
470 3504 515 3563 VI,
535 3503 587 3566 748

137 3593 148 3618 ι
173 3582 297 3625 montes...
320 3574 444 3640 fontibus
466 3577 538 3623 aucti
565 3594 586 3626 a.

133 3645 157 3694 Il
170 3645 322 3696 Lachmann
334 3646 464 3710 seguendo
477 3645 497 3695 il
509 3646 586 3694 Lam·

1033 622 1098 696 630

646 1237 716 1296 bino,
738 1245 808 1288 muta
825 1237 907 1287 nullis
926 1236 1048 1302 partibus
1067 1238 1096 1286 in

646 1308 743 1366 multis,
763 1304 856 1374 perche
874 1309 948 1358 crede
972 1325 987 1356 a
1005 1319 1097 1373 questo

646 1395 669 1428 v.
685 1378 782 1428 riferito
794 1380 814 1428 il
832 1396 907 1444 passo
925 1381 958 1442 11,
973 1377 1033 1442 489.
1053 1380 1097 1428 Ma

646 1455 738 1514 questo
757 1447 809 1516 puo
828 1451 933 1500 riserirsi
951 1450 975 1499 al
993 1466 1017 1500 v.
1035 1450 1095 1500 626.

645 1521 668 1569 E
687 1521 728 1569 col
745 1521 833 1570 multis
857 1522 919 1571 cade
944 1526 1009 1570 tutto
1028 1521 1043 1567 i'
1056 1537 1095 1570 ar-

646 1598 768 1656 gomento
781 1593 825 1657 qui
839 1599 940 1656 esposto
953 1590 988 1657 (v.
999 1589 1095 1656 sopra).

682 1663 742 1725 632.
759 1679 812 1710 non
827 1670 940 1725 possunt
950 1677 1019 1712 ece-2
1039 1661 1095 1712 cioi

646 1749 699 1782 non
719 1741 834 1798 possunt
856 1734 946 1782 habere
973 1749 1002 1781 ca
1030 1749 1096 1796 quae

647 1805 716 1853 debet
732 1805 822 1852 habere
841 1819 893 1854 ecc.

682 1875 741 1936 634.
758 1883 807 1938 per
826 1890 906 1938 quos:
924 1874 934 1922 i
953 1874 1035 1924 codici
1044 1883 1094 1940 per

646 1962 730 2010 quas,·
744 1945 780 2010 gli
793 1945 883 1995 editori
894 1945 1010 1994 moderni
1023 1945 1094 2010 quasi

646 2017 706 2066 tutti
720 2025 770 2080 per
781 2031 861 2088 *quan
874 2016 941 2068 sulla
958 2023 1040 2066 scorta
1051 2016 1094 2070 dei

643 2087 762 2138 Marullo.
776 2089 798 2138 E
811 2084 855 2153 piir
864 2088 948 2136 vicino
958 2095 1091 2151 perquer,

644 2175 658 2208 e
682 2159 717 2206 mi
742 2176 787 2223 par
811 2160 858 2210 che
882 2159 924 2206 dia
948 2173 1023 2207 senso
1048 2154 1094 2223 piir

643 2229 736 2291 adatto,
762 2229 929 2294 significando
954 2229 997 2278 nel
1023 2236 1093 2278 moto

643 2301 659 2348 l’
671 2301 728 2350 idea
752 2301 902 2350 riassuntiva
926 2301 952 2349 di
978 2306 1042 2350 tutte
1069 2300 1094 2349 le

643 2387 701 2419 cose
721 2371 823 2420 innanzi
841 2371 919 2420 dette.

679 2441 802 2504 635·644.
826 2441 913 2504 Quelli
937 2442 983 2491 che
1002 2458 1093 2506 posero

642 2511 662 2560 il
681 2511 757 2560 suoco
781 2528 854 2561 come
878 2511 1006 2576 principio
1024 2512 1093 2562 delle

642 2597 708 2642 cose,
728 2584 857 2632 undarono
876 2583 948 2646 lungi
962 2583 1003 2630 dai
1023 2598 1091 2633 vero.

642 2655 681 2702 Fu
706 2653 732 2702 di
758 2654 806 2704 essi
829 2653 894 2703 duce
922 2653 1040 2710 Eraclito,
1065 2653 1092 2702 di

644 2725 685 2774 cni
716 2725 761 2790 qui
792 2725 913 2774 Lucrezio
945 2734 1016 2772 rocca
1043 2739 1092 2774 con

643 2795 730 2861 parole
758 2797 905 2845 irriverenti.
930 2793 1092 2845 Certamente

642 2867 667 2914 la
687 2867 797 2932 speciale
816 2865 961 2924 acrimonia,
981 2866 1027 2916 che
1047 2865 1092 2931 qui

642 2939 764 2988 Lucrezio
779 2937 857 2987 rivela
869 2944 956 2985 contro
970 2937 1090 2995 Eraclito‚

642 3016 713 3058 trova
731 3008 892 3074 spiegazione
905 3007 947 3056 nel
966 3008 1037 3070 fatto,
1050 3007 1092 3056 cui

642 3095 710 3143 pone
719 3089 804 3130 mente
817 3079 836 3128 il
849 3079 949 3136 Munro,
963 3080 1009 3128 che
1024 3078 1092 3129 della

642 3149 728 3198 scuola
764 3150 883 3200 eraclitea
913 3149 935 3198 si
964 3157 1092 3214 potevano

642 3221 695 3269 dire
714 3221 741 3269 in
763 3228 832 3271 certo
856 3221 933 3268 modo
958 3220 1091 3269 continua·

642 3291 690 3339 tori
715 3292 751 3355 gli
775 3291 884 3350 stoici,i
907 3286 951 3355 piir
975 3284 1030 3339 fieri
1048 3305 1089 3338 av-

642 3362 744 3410 versarii
756 3363 826 3426 degli
845 3361 973 3426 Epicurei.
993 3361 1090 3410 Brevis·

641 3431 700 3481 simi
727 3433 802 3482 cenni
830 3447 904 3498 sopra
931 3430 1042 3480 Eraclito
1070 3431 1092 3479 si

641 3519 704 3552 sono
714 3504 766 3552 dati
776 3503 844 3554 nella
853 3501 976 3552 introduz.
988 3499 1025 3566 (p.
1039 3499 1090 3565 ιο).

641 3574 692 3623 Nel
702 3581 789 3624 nostro
798 3589 873 3639 passo
883 3572 1006 3622 Lucrezio
1015 3589 1091 3638 pren·

641 3645 673 3695 de
692 3645 763 3696 buon
782 3646 875 3710 giuoco
894 3642 962 3693 della
981 3639 1092 3694 oscuriti
