2778 4286
408 311 449 354 DE
472 313 581 354 RERUM
604 313 744 361 NATURA.

1003 319 1085 406 159⁴

104 447 197 512 atque
219 437 326 496 eadem
349 438 439 513 paulo
462 435 540 497 inter
563 457 594 497 se
617 448 731 498 mutata
754 458 854 499 creare

106 526 191 604 ignes
214 535 244 584 et
266 524 404 602 lignum?
438 544 499 602 qno
521 536 610 604 pacto
633 528 725 587 verba
747 547 867 604 quoque
891 527 955 606 ipsa

105 614 185 674 inter
208 633 238 672 se
262 615 352 690 paulo
375 613 495 674 mutatis
519 625 588 675 snnt
610 615 775 690 elementis,

105 721 177 764 cum
199 702 281 780 ligna
302 712 393 778 atque
416 700 501 781 ignes
523 702 661 764 distincta
683 725 758 766 voce
783 715 931 768 notamus.

105 791 240 867 deniqne
263 789 321 850 iam
345 809 422 867 quae
445 811 574 870 cumque
596 792 628 852 in
649 796 738 854 rebus
753 792 849 854 cernis
863 795 973 872 apertis
999 815 1061 875 915

105 879 132 940 si
156 879 220 939 fieri
242 899 304 939 non
327 898 414 956 posse
437 891 533 957 putas,
558 881 631 958 qnin
654 882 789 942 materiai

106 987 235 1046 corpora
259 966 406 1029 consimili
428 979 532 1029 natura
554 971 689 1048 praedita
711 973 814 1049 fingas,

108 1049 166 1118 h'ac
188 1055 304 1117 ratione
327 1055 383 1117 tibi
405 1068 532 1135 pereunt
554 1058 717 1136 primordia
739 1078 854 1120 rernm:

104 1148 160 1206 fiet
183 1145 227 1206 nti
249 1145 311 1205 risu
333 1135 461 1206 ¹tremulo
484 1167 628 1208 concussa
650 1147 831 1210 cachinnent

104 1244 139 1294 et
162 1233 291 1295 lacrimis
314 1233 396 1294 salsis
420 1245 572 1298 umectent
595 1257 646 1298 ora
668 1257 830 1316 genasque.

143 1530 205 1580 911.
234 1519 303 1567 inter
330 1535 356 1567 se
386 1525 505 1568 niutata:
535 1521 561 1569 la

106 1589 254 1650 mntazione
273 1605 325 1637 non
338 1585 353 1637 ὲ
367 1590 473 1655 dunque
492 1591 561 1640 nella

107 1667 207 1719 natura,
227 1659 287 1708 nell'
299 1676 401 1709 essenza
419 1661 488 1724 degli
507 1669 560 1711 ato·

107 1733 153 1796 mi,
182 1729 255 1780 bensl
285 1731 328 1780 nei
354 1731 410 1780 loro
439 1733 561 1798 reciproci

105 1801 231 1868 rapporti,
255 1797 311 1850 ciol
337 1802 398 1851 nell'
414 1802 504 1853 ordine
536 1803 561 1852 di

107 1874 148 1922 lor
167 1872 347 1922 collocazione.

146 1953 273 2006 915·920.
282 1945 442 2008 Anassagora
452 1944 492 1994 eol
502 1960 562 2010 snp-

107 2031 186 2082 porre
204 2013 303 2063 infinite
328 2015 352 2064 le
377 2013 474 2080 qualitl
492 2016 562 2080 degli

105 2085 240 2145 elementi,
260 2101 274 2134 e
299 2085 427 2136 divisibile
451 2086 561 2136 all'infi-

106 2158 164 2207 nito
178 2157 203 2204 la
222 2157 335 2215 materia,
348 2173 431 2208 venne
449 2158 476 2206 in
492 2165 562 2208 certo

107 2228 187 2276 modo
201 2243 216 2274 a
230 2228 389 2291 distruggere
406 2228 425 2276 il
445 2236 562 2278 concerto

104 2307 191 2348 stesso
209 2298 236 2346 di
255 2299 360 2348 materia
373 2315 415 2348 ea
433 2299 563 2349 sostituire

106 2371 142 2419 ad
161 2385 218 2418 esso
232 2369 320 2435 quello
339 2370 365 2418 di
384 2367 489 2435 qnalit‘a.
510 2371 563 2421 Ora

106 2457 136 2491 se
154 2456 202 2506 per
213 2441 339 2505 ispiegare
351 2441 376 2490 le
388 2441 487 2490 diverse
500 2456 563 2506 qua·

106 2509 155 2560 lid
173 2510 241 2560 delle
261 2527 320 2561 cose
339 2511 380 2561 del
400 2512 503 2571 mondo,
523 2511 563 2560 bi·

106 2578 219 2646 sogneral
231 2583 378 2647 respingere
392 2590 482 2647 questa
500 2599 563 2648 qua·

107 2651 156 2702 lita
187 2656 244 2701 sino
274 2654 299 2702 ai
330 2653 463 2718 primordii
494 2653 562 2703 delle

104 2739 178 2782 cose,
197 2739 320 2790 supporre
332 2719 387 2774 cioe
406 2724 453 2773 che
465 2723 507 2788 gil
526 2725 563 2787 gli

104 2794 233 2845 elementi
263 2795 373 2844 abbiano
405 2794 430 2845 le
467 2792 563 2862 qnalitl

109 2873 197 2924 stesse,
224 2881 277 2914 non
300 2867 323 2916 vi
349 2881 457 2915 saranno
483 2867 564 2916 allora

107 2935 209 3002 qnalitl
227 2951 243 2984 o
265 2935 394 3003 proprietd
419 2936 486 2986 delle
505 2953 563 2987 cose

109 3007 158 3056 che
172 3023 224 3056 non
242 3017 433 3072 appartengano
447 3007 499 3072 agli
512 3008 564 3058 ele·

106 3079 210 3128 menti:
238 3078 335 3143 perfino
363 3080 382 3128 il
409 3078 460 3128 riso
485 3079 517 3128 ed
544 3078 563 3127 il

111 3149 202 3214 pianto
214 3165 266 3198 non
276 3157 402 3214 potranno
414 3166 488 3200 avere
498 3150 564 3216 spie-

106 3219 218 3284 gazione
245 3237 272 3270 se
300 3235 353 3269 non
381 3221 564 3271 attribuendoli

109 3289 164 3353 agli
189 3291 319 3340 elementi.
353 3291 401 3341 Col
431 3301 508 3343 trarre
539 3292 563 3341 le

108 3359 203 3411 ultime
244 3377 419 3426 consegnenre
459 3363 563 3413 assnrde

107 3431 181 3481 della
197 3433 285 3493 tentia,
299 3433 421 3484 Lucrezio
434 3434 495 3483 vuol
508 3450 562 3483 mo·

108 3509 192 3552 strate
210 3504 315 3553 assurda
332 3505 357 3554 la
378 3506 458 3554 teoria
476 3511 562 3556 stessa.

155 3583 216 3638 915.
239 3589 305 3639 quae
328 3591 434 3639 cumque
462 3577 563 3625 cernis:

106 3641 180 3722 cioe¹
199 3645 224 3695 le
260 3645 358 3712 qualitl
388 3662 404 3696 o
435 3645 564 3712 proprietb

1004 1260 1068 1317 9²0

614 1521 682 1572 delle
700 1537 766 1572 cose.
788 1548 820 1558 —
839 1524 954 1588 apertis:
976 1543 988 1568 ι
1010 1523 1069 1572 visi·

614 1593 661 1641 bili
682 1612 705 1644 ι.

649 1673 710 1725 917.
739 1664 840 1728 fingas:
869 1664 914 1729 qui
943 1680 997 1714 non
1024 1665 1068 1714 nel

614 1749 688 1784 senso
720 1734 746 1782 di
775 1754 786 1778 ι
815 1735 924 1784 formare
956 1753 967 1777 ι
995 1751 1011 1784 o
1042 1736 1070 1784 di

616 1825 629 1850 ι
650 1804 771 1854 simulare
791 1825 813 1865 a,
833 1805 906 1856 bensl
929 1805 957 1855 in
978 1806 1067 1871 quello

615 1876 641 1925 di
663 1897 674 1919 α
697 1875 852 1939 raffigurarsi
873 1896 897 1927 ι.

651 1946 711 2009 918.
727 1955 856 2010 pereunt:
880 1943 991 2013 perche?
1012 1964 1070 2013 per-

614 2013 661 2067 chl
680 2015 736 2068 sari
761 2019 865 2068 assurdo
887 2018 1069 2084 rasfigurarseli

615 2089 708 2140 ridenti
722 2104 737 2137 o
750 2089 899 2154 plangenti:
920 2106 1002 2155 eppur
1014 2105 1068 2140 non

615 2159 637 2209 si
664 2161 819 2226 potrebbero
846 2161 1015 2226 immaginare
1041 2177 1068 2211 se

616 2246 668 2280 non
693 2229 762 2281 cosi:
788 2232 893 2298 dunque
915 2232 1075 2284 verrebbero'

615 2317 700 2351 meno,

652 2385 778 2434 919-920.
796 2373 914 2438 Ripetuti
927 2375 954 2422 in
967 2375 1000 2434 ΙΙ,
1017 2375 1070 2436 976

616 2458 668 2505 seg.
695 2442 795 2505 Questo
818 2444 917 2507 parlare
941 2445 967 2493 di
990 2446 1070 2494 senti·

616 2513 696 2562 menti
729 2511 817 2562 umani
848 2514 918 2578 degli
949 2515 1071 2565 elementi

616 2599 668 2633 non
685 2580 699 2632 ὲ
719 2585 763 2650 poi
777 2601 828 2632 una
841 2591 967 2635 stranezza
986 2587 1068 2636 lucre·

615 2655 695 2714 ziana,
714 2651 819 2720 giaechb
833 2656 885 2720 egli
904 2656 1009 2705 confuta
1025 2657 1071 2721 qui

615 2731 783 2791 Anassagora‚
797 2727 844 2777 che
863 2728 931 2777 della
950 2744 995 2776 sua
1015 2744 1069 2776 ma-

616 2799 680 2846 teria
703 2798 861 2847 sottilissima
885 2800 917 2847 ed
937 2807 1031 2858 eterna,
1051 2799 1071 2848 il

615 2872 686 2927 νοῦς,
703 2881 830 2934 pensava·
848 2866 957 2933 γνώμην
969 2886 998 2934 γε
1009 2865 1073 2934 περὶ

616 2935 712 2994 παντὸς
724 2943 810 2989 πᾶσαν
824 2934 889 3003 ἴσχει
903 2955 917 2990 e
931 2957 963 2990 ne
983 2940 1071 2991 faceva

616 3011 672 3060 anzi
700 3010 876 3061 l’ordinatrice
901 3011 927 3060 di
954 3019 1019 3062 tutte
1047 3012 1072 3062 le

617 3096 675 3130 cose
701 3082 813 3132 animate
831 3083 880 3148 (pr.
901 3082 992 3149 Simpl.
1012 3095 1071 3149 33³

620 3152 677 3216 156,
701 3166 730 3214 13
751 3155 805 3215 D.).

654 3233 779 3287 921·950.
799 3224 834 3273 Di
853 3226 937 3290 questi
955 3224 1020 3274 versi
1035 3224 1072 3289 gli

618 3293 703 3344 ultimi
723 3305 755 3358 25
783 3295 805 3344 si
832 3303 938 3346 trovnno
967 3296 1071 3359 ripetnti

617 3380 691 3414 come
709 3367 825 3430 proemio
844 3367 868 3416 al
883 3365 949 3415 libro
961 3366 1008 3425 IV,
1020 3381 1070 3415 con

618 3435 727 3501 qualche
746 3437 894 3487 variatione.
915 3436 982 3490 Vedi
1000 3454 1015 3486 a
1034 3437 1070 3486 tal

618 3506 751 3571 proposito
768 3507 788 3556 il
807 3508 935 3568 Giussani‚
949 3526 1001 3574 aq.
1015 3508 1043 3568 l.,
1057 3524 1072 3558 e

618 3577 638 3625 il
650 3578 762 3642 Brieger,
775 3579 818 3628 nei
829 3579 948 3645 Prolegg.
961 3580 1013 3630 alla
1025 3595 1072 3634 sua

620 3647 682 3698 ediz.
702 3665 727 3713 p.
751 3649 782 3698 16
801 3665 854 3713 seg.
